%YAML 1.1
%TAG !u! tag:unity3d.com,2011:
--- !u!29 &1
OcclusionCullingSettings:
  m_ObjectHideFlags: 0
  serializedVersion: 2
  m_OcclusionBakeSettings:
    smallestOccluder: 5
    smallestHole: 0.25
    backfaceThreshold: 100
  m_SceneGUID: 00000000000000000000000000000000
  m_OcclusionCullingData: {fileID: 0}
--- !u!104 &2
RenderSettings:
  m_ObjectHideFlags: 0
  serializedVersion: 9
  m_Fog: 0
  m_FogColor: {r: 0.5, g: 0.5, b: 0.5, a: 1}
  m_FogMode: 3
  m_FogDensity: 0.01
  m_LinearFogStart: 0
  m_LinearFogEnd: 300
  m_AmbientSkyColor: {r: 0.212, g: 0.227, b: 0.259, a: 1}
  m_AmbientEquatorColor: {r: 0.114, g: 0.125, b: 0.133, a: 1}
  m_AmbientGroundColor: {r: 0.047, g: 0.043, b: 0.035, a: 1}
  m_AmbientIntensity: 1
  m_AmbientMode: 0
  m_SubtractiveShadowColor: {r: 0.42, g: 0.478, b: 0.627, a: 1}
  m_SkyboxMaterial: {fileID: 10304, guid: 0000000000000000f000000000000000, type: 0}
  m_HaloStrength: 0.5
  m_FlareStrength: 1
  m_FlareFadeSpeed: 3
  m_HaloTexture: {fileID: 0}
  m_SpotCookie: {fileID: 10001, guid: 0000000000000000e000000000000000, type: 0}
  m_DefaultReflectionMode: 0
  m_DefaultReflectionResolution: 128
  m_ReflectionBounces: 1
  m_ReflectionIntensity: 1
  m_CustomReflection: {fileID: 0}
  m_Sun: {fileID: 705507994}
  m_IndirectSpecularColor: {r: 0.44657898, g: 0.4964133, b: 0.5748178, a: 1}
  m_UseRadianceAmbientProbe: 0
--- !u!157 &3
LightmapSettings:
  m_ObjectHideFlags: 0
  serializedVersion: 11
  m_GIWorkflowMode: 1
  m_GISettings:
    serializedVersion: 2
    m_BounceScale: 1
    m_IndirectOutputScale: 1
    m_AlbedoBoost: 1
    m_EnvironmentLightingMode: 0
    m_EnableBakedLightmaps: 1
    m_EnableRealtimeLightmaps: 0
  m_LightmapEditorSettings:
    serializedVersion: 12
    m_Resolution: 2
    m_BakeResolution: 40
    m_AtlasSize: 1024
    m_AO: 0
    m_AOMaxDistance: 1
    m_CompAOExponent: 1
    m_CompAOExponentDirect: 0
    m_ExtractAmbientOcclusion: 0
    m_Padding: 2
    m_LightmapParameters: {fileID: 0}
    m_LightmapsBakeMode: 1
    m_TextureCompression: 1
    m_FinalGather: 0
    m_FinalGatherFiltering: 1
    m_FinalGatherRayCount: 256
    m_ReflectionCompression: 2
    m_MixedBakeMode: 2
    m_BakeBackend: 1
    m_PVRSampling: 1
    m_PVRDirectSampleCount: 32
    m_PVRSampleCount: 500
    m_PVRBounces: 2
    m_PVREnvironmentSampleCount: 500
    m_PVREnvironmentReferencePointCount: 2048
    m_PVRFilteringMode: 2
    m_PVRDenoiserTypeDirect: 0
    m_PVRDenoiserTypeIndirect: 0
    m_PVRDenoiserTypeAO: 0
    m_PVRFilterTypeDirect: 0
    m_PVRFilterTypeIndirect: 0
    m_PVRFilterTypeAO: 0
    m_PVREnvironmentMIS: 0
    m_PVRCulling: 1
    m_PVRFilteringGaussRadiusDirect: 1
    m_PVRFilteringGaussRadiusIndirect: 5
    m_PVRFilteringGaussRadiusAO: 2
    m_PVRFilteringAtrousPositionSigmaDirect: 0.5
    m_PVRFilteringAtrousPositionSigmaIndirect: 2
    m_PVRFilteringAtrousPositionSigmaAO: 1
    m_ExportTrainingData: 0
    m_TrainingDataDestination: TrainingData
    m_LightProbeSampleCountMultiplier: 4
  m_LightingDataAsset: {fileID: 0}
  m_UseShadowmask: 1
--- !u!196 &4
NavMeshSettings:
  serializedVersion: 2
  m_ObjectHideFlags: 0
  m_BuildSettings:
    serializedVersion: 2
    agentTypeID: 0
    agentRadius: 0.5
    agentHeight: 2
    agentSlope: 45
    agentClimb: 0.4
    ledgeDropHeight: 0
    maxJumpAcrossDistance: 0
    minRegionArea: 2
    manualCellSize: 0
    cellSize: 0.16666667
    manualTileSize: 0
    tileSize: 256
    accuratePlacement: 0
    debug:
      m_Flags: 0
  m_NavMeshData: {fileID: 0}
--- !u!1 &9766471 stripped
GameObject:
  m_CorrespondingSourceObject: {fileID: 1000011783245770, guid: d1eded5bbb3e59a41bd0cb0ce667e410,
    type: 3}
  m_PrefabInstance: {fileID: 1309338192}
  m_PrefabAsset: {fileID: 0}
--- !u!114 &9766478
MonoBehaviour:
  m_ObjectHideFlags: 0
  m_CorrespondingSourceObject: {fileID: 0}
  m_PrefabInstance: {fileID: 0}
  m_PrefabAsset: {fileID: 0}
  m_GameObject: {fileID: 9766471}
  m_Enabled: 1
  m_EditorHideFlags: 0
  m_Script: {fileID: 11500000, guid: d6809a5d4dc9c9f458b0c1a8e76eb121, type: 3}
  m_Name: 
  m_EditorClassIdentifier: 
  m_id: rShoulderShell
--- !u!1 &52400178
GameObject:
  m_ObjectHideFlags: 0
  m_CorrespondingSourceObject: {fileID: 0}
  m_PrefabInstance: {fileID: 0}
  m_PrefabAsset: {fileID: 0}
  serializedVersion: 6
  m_Component:
  - component: {fileID: 52400180}
  - component: {fileID: 52400179}
  m_Layer: 0
  m_Name: TopArbiter
  m_TagString: Untagged
  m_Icon: {fileID: 0}
  m_NavMeshLayer: 0
  m_StaticEditorFlags: 0
  m_IsActive: 1
--- !u!114 &52400179
MonoBehaviour:
  m_ObjectHideFlags: 0
  m_CorrespondingSourceObject: {fileID: 0}
  m_PrefabInstance: {fileID: 0}
  m_PrefabAsset: {fileID: 0}
  m_GameObject: {fileID: 52400178}
  m_Enabled: 1
  m_EditorHideFlags: 0
  m_Script: {fileID: 11500000, guid: 903833686abb28d48b9c2e25260e5ec9, type: 3}
  m_Name: 
  m_EditorClassIdentifier: 
  SharedControl: 1
  i_EmgState: 0
  i_GripState: 0
  targetObject: {fileID: 0}
  loc: {x: 0, y: 0, z: 0}
  debugText: {fileID: 531154359}
  debugText3: {fileID: 178522072}
--- !u!4 &52400180
Transform:
  m_ObjectHideFlags: 0
  m_CorrespondingSourceObject: {fileID: 0}
  m_PrefabInstance: {fileID: 0}
  m_PrefabAsset: {fileID: 0}
  m_GameObject: {fileID: 52400178}
  m_LocalRotation: {x: 0, y: 0, z: 0, w: 1}
  m_LocalPosition: {x: 0.037427753, y: -2.0382783, z: 4.136053}
  m_LocalScale: {x: 1, y: 1, z: 1}
  m_Children: []
  m_Father: {fileID: 0}
  m_RootOrder: 11
  m_LocalEulerAnglesHint: {x: 0, y: 0, z: 0}
--- !u!1 &70444107
GameObject:
  m_ObjectHideFlags: 0
  m_CorrespondingSourceObject: {fileID: 0}
  m_PrefabInstance: {fileID: 0}
  m_PrefabAsset: {fileID: 0}
  serializedVersion: 6
  m_Component:
  - component: {fileID: 70444108}
  m_Layer: 0
  m_Name: MPLTransRadialCalibrator
  m_TagString: Untagged
  m_Icon: {fileID: 0}
  m_NavMeshLayer: 0
  m_StaticEditorFlags: 0
  m_IsActive: 1
--- !u!4 &70444108
Transform:
  m_ObjectHideFlags: 0
  m_CorrespondingSourceObject: {fileID: 0}
  m_PrefabInstance: {fileID: 0}
  m_PrefabAsset: {fileID: 0}
  m_GameObject: {fileID: 70444107}
  m_LocalRotation: {x: 0, y: 0, z: 0, w: 1}
  m_LocalPosition: {x: 0.165, y: 0.6272, z: 0.148}
  m_LocalScale: {x: 1, y: 1, z: 1}
  m_Children: []
  m_Father: {fileID: 1535106362}
  m_RootOrder: 1
  m_LocalEulerAnglesHint: {x: 0, y: 0, z: 0}
--- !u!1 &97311916 stripped
GameObject:
  m_CorrespondingSourceObject: {fileID: 1000012565602204, guid: d1eded5bbb3e59a41bd0cb0ce667e410,
    type: 3}
  m_PrefabInstance: {fileID: 1309338192}
  m_PrefabAsset: {fileID: 0}
--- !u!114 &97311922
MonoBehaviour:
  m_ObjectHideFlags: 0
  m_CorrespondingSourceObject: {fileID: 0}
  m_PrefabInstance: {fileID: 0}
  m_PrefabAsset: {fileID: 0}
  m_GameObject: {fileID: 97311916}
  m_Enabled: 1
  m_EditorHideFlags: 0
  m_Script: {fileID: 11500000, guid: d6809a5d4dc9c9f458b0c1a8e76eb121, type: 3}
  m_Name: 
  m_EditorClassIdentifier: 
  m_id: rLittleMetaCarpal
--- !u!1 &154259417
GameObject:
  m_ObjectHideFlags: 0
  m_CorrespondingSourceObject: {fileID: 0}
  m_PrefabInstance: {fileID: 0}
  m_PrefabAsset: {fileID: 0}
  serializedVersion: 6
  m_Component:
  - component: {fileID: 154259419}
  - component: {fileID: 154259418}
  m_Layer: 0
  m_Name: vMPLMovementArbiter
  m_TagString: Untagged
  m_Icon: {fileID: 0}
  m_NavMeshLayer: 0
  m_StaticEditorFlags: 0
  m_IsActive: 1
--- !u!114 &154259418
MonoBehaviour:
  m_ObjectHideFlags: 0
  m_CorrespondingSourceObject: {fileID: 0}
  m_PrefabInstance: {fileID: 0}
  m_PrefabAsset: {fileID: 0}
  m_GameObject: {fileID: 154259417}
  m_Enabled: 1
  m_EditorHideFlags: 0
  m_Script: {fileID: 11500000, guid: c2b9b9097d6ebec42899cd832aedf53b, type: 3}
  m_Name: 
  m_EditorClassIdentifier: 
  MaxArmSpeed: 40
  MaxFingerSpeed: 100
  i_MovementState: 0
--- !u!4 &154259419
Transform:
  m_ObjectHideFlags: 0
  m_CorrespondingSourceObject: {fileID: 0}
  m_PrefabInstance: {fileID: 0}
  m_PrefabAsset: {fileID: 0}
  m_GameObject: {fileID: 154259417}
  m_LocalRotation: {x: 0, y: 0, z: 0, w: 1}
  m_LocalPosition: {x: -0.5135967, y: -0.47649544, z: 2.3375187}
  m_LocalScale: {x: 1, y: 1, z: 1}
  m_Children: []
  m_Father: {fileID: 0}
  m_RootOrder: 5
  m_LocalEulerAnglesHint: {x: 0, y: 0, z: 0}
--- !u!1 &178522070
GameObject:
  m_ObjectHideFlags: 0
  m_CorrespondingSourceObject: {fileID: 0}
  m_PrefabInstance: {fileID: 0}
  m_PrefabAsset: {fileID: 0}
  serializedVersion: 6
  m_Component:
  - component: {fileID: 178522071}
  - component: {fileID: 178522074}
  - component: {fileID: 178522073}
  - component: {fileID: 178522072}
  m_Layer: 0
  m_Name: Text3 (TMP)
  m_TagString: Untagged
  m_Icon: {fileID: 0}
  m_NavMeshLayer: 0
  m_StaticEditorFlags: 0
  m_IsActive: 0
--- !u!224 &178522071
RectTransform:
  m_ObjectHideFlags: 0
  m_CorrespondingSourceObject: {fileID: 0}
  m_PrefabInstance: {fileID: 0}
  m_PrefabAsset: {fileID: 0}
  m_GameObject: {fileID: 178522070}
  m_LocalRotation: {x: 0, y: 0, z: 0, w: 1}
  m_LocalPosition: {x: 0, y: 0, z: 0.809}
  m_LocalScale: {x: 0.1, y: 0.1, z: 0.1}
  m_Children: []
  m_Father: {fileID: 963194228}
  m_RootOrder: 2
  m_LocalEulerAnglesHint: {x: 0, y: 0, z: 0}
  m_AnchorMin: {x: 0.5, y: 0.5}
  m_AnchorMax: {x: 0.5, y: 0.5}
  m_AnchoredPosition: {x: 1.251, y: -0.286}
  m_SizeDelta: {x: 30, y: 5}
  m_Pivot: {x: 0.5, y: 0.5}
--- !u!114 &178522072
MonoBehaviour:
  m_ObjectHideFlags: 0
  m_CorrespondingSourceObject: {fileID: 0}
  m_PrefabInstance: {fileID: 0}
  m_PrefabAsset: {fileID: 0}
  m_GameObject: {fileID: 178522070}
  m_Enabled: 1
  m_EditorHideFlags: 0
  m_Script: {fileID: 11500000, guid: 9541d86e2fd84c1d9990edf0852d74ab, type: 3}
  m_Name: 
  m_EditorClassIdentifier: 
  m_Material: {fileID: 0}
  m_Color: {r: 1, g: 1, b: 1, a: 1}
  m_RaycastTarget: 1
  m_Maskable: 1
  m_OnCullStateChanged:
    m_PersistentCalls:
      m_Calls: []
  m_text: 'Debug: '
  m_isRightToLeft: 0
  m_fontAsset: {fileID: 11400000, guid: 8f586378b4e144a9851e7b34d9b748ee, type: 2}
  m_sharedMaterial: {fileID: 2180264, guid: 8f586378b4e144a9851e7b34d9b748ee, type: 2}
  m_fontSharedMaterials: []
  m_fontMaterial: {fileID: 0}
  m_fontMaterials: []
  m_fontColor32:
    serializedVersion: 2
    rgba: 4278190335
  m_fontColor: {r: 1, g: 0, b: 0, a: 1}
  m_enableVertexGradient: 0
  m_colorMode: 3
  m_fontColorGradient:
    topLeft: {r: 1, g: 1, b: 1, a: 1}
    topRight: {r: 1, g: 1, b: 1, a: 1}
    bottomLeft: {r: 1, g: 1, b: 1, a: 1}
    bottomRight: {r: 1, g: 1, b: 1, a: 1}
  m_fontColorGradientPreset: {fileID: 0}
  m_spriteAsset: {fileID: 0}
  m_tintAllSprites: 0
  m_StyleSheet: {fileID: 0}
  m_TextStyleHashCode: -1183493901
  m_overrideHtmlColors: 0
  m_faceColor:
    serializedVersion: 2
    rgba: 4294967295
  m_fontSize: 3
  m_fontSizeBase: 3
  m_fontWeight: 400
  m_enableAutoSizing: 0
  m_fontSizeMin: 18
  m_fontSizeMax: 72
  m_fontStyle: 0
  m_HorizontalAlignment: 1
  m_VerticalAlignment: 256
  m_textAlignment: 65535
  m_characterSpacing: 0
  m_wordSpacing: 0
  m_lineSpacing: 0
  m_lineSpacingMax: 0
  m_paragraphSpacing: 0
  m_charWidthMaxAdj: 0
  m_enableWordWrapping: 1
  m_wordWrappingRatios: 0.4
  m_overflowMode: 0
  m_linkedTextComponent: {fileID: 0}
  parentLinkedComponent: {fileID: 0}
  m_enableKerning: 1
  m_enableExtraPadding: 0
  checkPaddingRequired: 0
  m_isRichText: 1
  m_parseCtrlCharacters: 1
  m_isOrthographic: 0
  m_isCullingEnabled: 0
  m_horizontalMapping: 0
  m_verticalMapping: 0
  m_uvLineOffset: 0
  m_geometrySortingOrder: 0
  m_IsTextObjectScaleStatic: 0
  m_VertexBufferAutoSizeReduction: 1
  m_useMaxVisibleDescender: 1
  m_pageToDisplay: 1
  m_margin: {x: 0, y: 0, z: 0, w: 0}
  m_isUsingLegacyAnimationComponent: 0
  m_isVolumetricText: 0
  m_hasFontAssetChanged: 0
  m_renderer: {fileID: 178522074}
  m_maskType: 0
  _SortingLayerID: 0
  _SortingOrder: 0
--- !u!222 &178522073
CanvasRenderer:
  m_ObjectHideFlags: 2
  m_CorrespondingSourceObject: {fileID: 0}
  m_PrefabInstance: {fileID: 0}
  m_PrefabAsset: {fileID: 0}
  m_GameObject: {fileID: 178522070}
  m_CullTransparentMesh: 0
--- !u!23 &178522074
MeshRenderer:
  m_ObjectHideFlags: 0
  m_CorrespondingSourceObject: {fileID: 0}
  m_PrefabInstance: {fileID: 0}
  m_PrefabAsset: {fileID: 0}
  m_GameObject: {fileID: 178522070}
  m_Enabled: 1
  m_CastShadows: 0
  m_ReceiveShadows: 0
  m_DynamicOccludee: 1
  m_MotionVectors: 1
  m_LightProbeUsage: 1
  m_ReflectionProbeUsage: 1
  m_RayTracingMode: 2
  m_RenderingLayerMask: 1
  m_RendererPriority: 0
  m_Materials:
  - {fileID: 2180264, guid: 8f586378b4e144a9851e7b34d9b748ee, type: 2}
  m_StaticBatchInfo:
    firstSubMesh: 0
    subMeshCount: 0
  m_StaticBatchRoot: {fileID: 0}
  m_ProbeAnchor: {fileID: 0}
  m_LightProbeVolumeOverride: {fileID: 0}
  m_ScaleInLightmap: 1
  m_ReceiveGI: 1
  m_PreserveUVs: 0
  m_IgnoreNormalsForChartDetection: 0
  m_ImportantGI: 0
  m_StitchLightmapSeams: 1
  m_SelectedEditorRenderState: 3
  m_MinimumChartSize: 4
  m_AutoUVMaxDistance: 0.5
  m_AutoUVMaxAngle: 89
  m_LightmapParameters: {fileID: 0}
  m_SortingLayerID: 0
  m_SortingLayer: 0
  m_SortingOrder: 0
--- !u!1 &239387663 stripped
GameObject:
  m_CorrespondingSourceObject: {fileID: 1000010234242826, guid: d1eded5bbb3e59a41bd0cb0ce667e410,
    type: 3}
  m_PrefabInstance: {fileID: 1309338192}
  m_PrefabAsset: {fileID: 0}
--- !u!114 &239387669
MonoBehaviour:
  m_ObjectHideFlags: 0
  m_CorrespondingSourceObject: {fileID: 0}
  m_PrefabInstance: {fileID: 0}
  m_PrefabAsset: {fileID: 0}
  m_GameObject: {fileID: 239387663}
  m_Enabled: 1
  m_EditorHideFlags: 0
  m_Script: {fileID: 11500000, guid: d6809a5d4dc9c9f458b0c1a8e76eb121, type: 3}
  m_Name: 
  m_EditorClassIdentifier: 
  m_id: rRingMetaCarpal
--- !u!1 &268918780
GameObject:
  m_ObjectHideFlags: 0
  m_CorrespondingSourceObject: {fileID: 0}
  m_PrefabInstance: {fileID: 0}
  m_PrefabAsset: {fileID: 0}
  serializedVersion: 6
  m_Component:
  - component: {fileID: 268918782}
  - component: {fileID: 268918781}
  m_Layer: 0
  m_Name: MixedRealityToolkit
  m_TagString: Untagged
  m_Icon: {fileID: 0}
  m_NavMeshLayer: 0
  m_StaticEditorFlags: 0
  m_IsActive: 1
--- !u!114 &268918781
MonoBehaviour:
  m_ObjectHideFlags: 0
  m_CorrespondingSourceObject: {fileID: 0}
  m_PrefabInstance: {fileID: 0}
  m_PrefabAsset: {fileID: 0}
  m_GameObject: {fileID: 268918780}
  m_Enabled: 1
  m_EditorHideFlags: 0
  m_Script: {fileID: 11500000, guid: 83d9acc7968244a8886f3af591305bcb, type: 3}
  m_Name: 
  m_EditorClassIdentifier: 
  activeProfile: {fileID: 11400000, guid: ac10d691d2e2ecc45bf7c27435b7b437, type: 2}
--- !u!4 &268918782
Transform:
  m_ObjectHideFlags: 0
  m_CorrespondingSourceObject: {fileID: 0}
  m_PrefabInstance: {fileID: 0}
  m_PrefabAsset: {fileID: 0}
  m_GameObject: {fileID: 268918780}
  m_LocalRotation: {x: 0, y: 0, z: 0, w: 1}
  m_LocalPosition: {x: 0, y: 0, z: 0}
  m_LocalScale: {x: 1, y: 1, z: 1}
  m_Children: []
  m_Father: {fileID: 0}
  m_RootOrder: 1
  m_LocalEulerAnglesHint: {x: 0, y: 0, z: 0}
--- !u!1 &280033474
GameObject:
  m_ObjectHideFlags: 0
  m_CorrespondingSourceObject: {fileID: 0}
  m_PrefabInstance: {fileID: 0}
  m_PrefabAsset: {fileID: 0}
  serializedVersion: 6
  m_Component:
  - component: {fileID: 280033475}
  - component: {fileID: 280033478}
  - component: {fileID: 280033477}
  - component: {fileID: 280033476}
  - component: {fileID: 280033479}
  m_Layer: 0
  m_Name: CylinderChild
  m_TagString: Grab
  m_Icon: {fileID: 0}
  m_NavMeshLayer: 0
  m_StaticEditorFlags: 0
  m_IsActive: 1
--- !u!4 &280033475
Transform:
  m_ObjectHideFlags: 0
  m_CorrespondingSourceObject: {fileID: 0}
  m_PrefabInstance: {fileID: 0}
  m_PrefabAsset: {fileID: 0}
  m_GameObject: {fileID: 280033474}
  m_LocalRotation: {x: 0, y: 0, z: 0, w: 1}
  m_LocalPosition: {x: 0, y: 0, z: 0}
  m_LocalScale: {x: 1, y: 1, z: 1}
  m_Children: []
  m_Father: {fileID: 871233847}
  m_RootOrder: 0
  m_LocalEulerAnglesHint: {x: 0, y: 0, z: 0}
--- !u!136 &280033476
CapsuleCollider:
  m_ObjectHideFlags: 0
  m_CorrespondingSourceObject: {fileID: 0}
  m_PrefabInstance: {fileID: 0}
  m_PrefabAsset: {fileID: 0}
  m_GameObject: {fileID: 280033474}
  m_Material: {fileID: 0}
  m_IsTrigger: 0
  m_Enabled: 1
  m_Radius: 0.5
  m_Height: 2.3
  m_Direction: 1
  m_Center: {x: 0, y: 0, z: 0}
--- !u!23 &280033477
MeshRenderer:
  m_ObjectHideFlags: 0
  m_CorrespondingSourceObject: {fileID: 0}
  m_PrefabInstance: {fileID: 0}
  m_PrefabAsset: {fileID: 0}
  m_GameObject: {fileID: 280033474}
  m_Enabled: 1
  m_CastShadows: 1
  m_ReceiveShadows: 1
  m_DynamicOccludee: 1
  m_MotionVectors: 1
  m_LightProbeUsage: 1
  m_ReflectionProbeUsage: 1
  m_RayTracingMode: 2
  m_RenderingLayerMask: 1
  m_RendererPriority: 0
  m_Materials:
  - {fileID: 2100000, guid: ee3fddcfd7644a94c8c9e4234f9bd9f6, type: 2}
  m_StaticBatchInfo:
    firstSubMesh: 0
    subMeshCount: 0
  m_StaticBatchRoot: {fileID: 0}
  m_ProbeAnchor: {fileID: 0}
  m_LightProbeVolumeOverride: {fileID: 0}
  m_ScaleInLightmap: 1
  m_ReceiveGI: 1
  m_PreserveUVs: 0
  m_IgnoreNormalsForChartDetection: 0
  m_ImportantGI: 0
  m_StitchLightmapSeams: 1
  m_SelectedEditorRenderState: 3
  m_MinimumChartSize: 4
  m_AutoUVMaxDistance: 0.5
  m_AutoUVMaxAngle: 89
  m_LightmapParameters: {fileID: 0}
  m_SortingLayerID: 0
  m_SortingLayer: 0
  m_SortingOrder: 0
--- !u!33 &280033478
MeshFilter:
  m_ObjectHideFlags: 0
  m_CorrespondingSourceObject: {fileID: 0}
  m_PrefabInstance: {fileID: 0}
  m_PrefabAsset: {fileID: 0}
  m_GameObject: {fileID: 280033474}
  m_Mesh: {fileID: 10206, guid: 0000000000000000e000000000000000, type: 0}
--- !u!54 &280033479
Rigidbody:
  m_ObjectHideFlags: 0
  m_CorrespondingSourceObject: {fileID: 0}
  m_PrefabInstance: {fileID: 0}
  m_PrefabAsset: {fileID: 0}
  m_GameObject: {fileID: 280033474}
  serializedVersion: 2
  m_Mass: 0.01
  m_Drag: 0
  m_AngularDrag: 0.05
  m_UseGravity: 1
  m_IsKinematic: 0
  m_Interpolate: 0
  m_Constraints: 126
  m_CollisionDetection: 3
--- !u!1 &380157784 stripped
GameObject:
  m_CorrespondingSourceObject: {fileID: 1000013126219992, guid: d1eded5bbb3e59a41bd0cb0ce667e410,
    type: 3}
  m_PrefabInstance: {fileID: 1309338192}
  m_PrefabAsset: {fileID: 0}
--- !u!114 &380157790
MonoBehaviour:
  m_ObjectHideFlags: 0
  m_CorrespondingSourceObject: {fileID: 0}
  m_PrefabInstance: {fileID: 0}
  m_PrefabAsset: {fileID: 0}
  m_GameObject: {fileID: 380157784}
  m_Enabled: 1
  m_EditorHideFlags: 0
  m_Script: {fileID: 11500000, guid: d6809a5d4dc9c9f458b0c1a8e76eb121, type: 3}
  m_Name: 
  m_EditorClassIdentifier: 
  m_id: rThProximal1
--- !u!1 &481555813 stripped
GameObject:
  m_CorrespondingSourceObject: {fileID: 1000012414609324, guid: d1eded5bbb3e59a41bd0cb0ce667e410,
    type: 3}
  m_PrefabInstance: {fileID: 1309338192}
  m_PrefabAsset: {fileID: 0}
--- !u!114 &481555819
MonoBehaviour:
  m_ObjectHideFlags: 0
  m_CorrespondingSourceObject: {fileID: 0}
  m_PrefabInstance: {fileID: 0}
  m_PrefabAsset: {fileID: 0}
  m_GameObject: {fileID: 481555813}
  m_Enabled: 1
  m_EditorHideFlags: 0
  m_Script: {fileID: 11500000, guid: d6809a5d4dc9c9f458b0c1a8e76eb121, type: 3}
  m_Name: 
  m_EditorClassIdentifier: 
  m_id: rIndDistal
--- !u!1 &508587979 stripped
GameObject:
  m_CorrespondingSourceObject: {fileID: 1000011630630738, guid: d1eded5bbb3e59a41bd0cb0ce667e410,
    type: 3}
  m_PrefabInstance: {fileID: 1309338192}
  m_PrefabAsset: {fileID: 0}
--- !u!114 &508587980
MonoBehaviour:
  m_ObjectHideFlags: 0
  m_CorrespondingSourceObject: {fileID: 0}
  m_PrefabInstance: {fileID: 0}
  m_PrefabAsset: {fileID: 0}
  m_GameObject: {fileID: 508587979}
  m_Enabled: 1
  m_EditorHideFlags: 0
  m_Script: {fileID: 11500000, guid: 6d3c2c3c5906c354ba7ced978a4a5f69, type: 3}
  m_Name: 
  m_EditorClassIdentifier: 
--- !u!114 &508587981
MonoBehaviour:
  m_ObjectHideFlags: 0
  m_CorrespondingSourceObject: {fileID: 0}
  m_PrefabInstance: {fileID: 0}
  m_PrefabAsset: {fileID: 0}
  m_GameObject: {fileID: 508587979}
  m_Enabled: 0
  m_EditorHideFlags: 0
  m_Script: {fileID: 11500000, guid: 68acd56fa9156df4995faf36bafe4ad3, type: 3}
  m_Name: 
  m_EditorClassIdentifier: 
--- !u!114 &508587983
MonoBehaviour:
  m_ObjectHideFlags: 0
  m_CorrespondingSourceObject: {fileID: 0}
  m_PrefabInstance: {fileID: 0}
  m_PrefabAsset: {fileID: 0}
  m_GameObject: {fileID: 508587979}
  m_Enabled: 1
  m_EditorHideFlags: 0
  m_Script: {fileID: 11500000, guid: 61be05726de0abd4fbe3ad2b77ff01e1, type: 3}
  m_Name: 
  m_EditorClassIdentifier: 
--- !u!1 &531154357
GameObject:
  m_ObjectHideFlags: 0
  m_CorrespondingSourceObject: {fileID: 0}
  m_PrefabInstance: {fileID: 0}
  m_PrefabAsset: {fileID: 0}
  serializedVersion: 6
  m_Component:
  - component: {fileID: 531154358}
  - component: {fileID: 531154361}
  - component: {fileID: 531154360}
  - component: {fileID: 531154359}
  m_Layer: 0
  m_Name: Text (TMP)
  m_TagString: Untagged
  m_Icon: {fileID: 0}
  m_NavMeshLayer: 0
  m_StaticEditorFlags: 0
  m_IsActive: 1
--- !u!224 &531154358
RectTransform:
  m_ObjectHideFlags: 0
  m_CorrespondingSourceObject: {fileID: 0}
  m_PrefabInstance: {fileID: 0}
  m_PrefabAsset: {fileID: 0}
  m_GameObject: {fileID: 531154357}
  m_LocalRotation: {x: 0, y: 0, z: 0, w: 1}
  m_LocalPosition: {x: 0, y: 0, z: 0.824}
  m_LocalScale: {x: 0.1, y: 0.1, z: 0.1}
  m_Children: []
  m_Father: {fileID: 963194228}
  m_RootOrder: 0
  m_LocalEulerAnglesHint: {x: 0, y: 0, z: 0}
  m_AnchorMin: {x: 0.5, y: 0.5}
  m_AnchorMax: {x: 0.5, y: 0.5}
  m_AnchoredPosition: {x: 1.229, y: -0.089}
  m_SizeDelta: {x: 30, y: 5}
  m_Pivot: {x: 0.5, y: 0.5}
--- !u!114 &531154359
MonoBehaviour:
  m_ObjectHideFlags: 0
  m_CorrespondingSourceObject: {fileID: 0}
  m_PrefabInstance: {fileID: 0}
  m_PrefabAsset: {fileID: 0}
  m_GameObject: {fileID: 531154357}
  m_Enabled: 1
  m_EditorHideFlags: 0
  m_Script: {fileID: 11500000, guid: 9541d86e2fd84c1d9990edf0852d74ab, type: 3}
  m_Name: 
  m_EditorClassIdentifier: 
  m_Material: {fileID: 0}
  m_Color: {r: 1, g: 1, b: 1, a: 1}
  m_RaycastTarget: 1
  m_Maskable: 1
  m_OnCullStateChanged:
    m_PersistentCalls:
      m_Calls: []
  m_text: 'Object: '
  m_isRightToLeft: 0
  m_fontAsset: {fileID: 11400000, guid: 8f586378b4e144a9851e7b34d9b748ee, type: 2}
  m_sharedMaterial: {fileID: 2180264, guid: 8f586378b4e144a9851e7b34d9b748ee, type: 2}
  m_fontSharedMaterials: []
  m_fontMaterial: {fileID: 0}
  m_fontMaterials: []
  m_fontColor32:
    serializedVersion: 2
    rgba: 4278190335
  m_fontColor: {r: 1, g: 0, b: 0, a: 1}
  m_enableVertexGradient: 0
  m_colorMode: 3
  m_fontColorGradient:
    topLeft: {r: 1, g: 1, b: 1, a: 1}
    topRight: {r: 1, g: 1, b: 1, a: 1}
    bottomLeft: {r: 1, g: 1, b: 1, a: 1}
    bottomRight: {r: 1, g: 1, b: 1, a: 1}
  m_fontColorGradientPreset: {fileID: 0}
  m_spriteAsset: {fileID: 0}
  m_tintAllSprites: 0
  m_StyleSheet: {fileID: 0}
  m_TextStyleHashCode: -1183493901
  m_overrideHtmlColors: 0
  m_faceColor:
    serializedVersion: 2
    rgba: 4294967295
  m_fontSize: 10
  m_fontSizeBase: 10
  m_fontWeight: 400
  m_enableAutoSizing: 0
  m_fontSizeMin: 18
  m_fontSizeMax: 72
  m_fontStyle: 0
  m_HorizontalAlignment: 1
  m_VerticalAlignment: 256
  m_textAlignment: 65535
  m_characterSpacing: 0
  m_wordSpacing: 0
  m_lineSpacing: 0
  m_lineSpacingMax: 0
  m_paragraphSpacing: 0
  m_charWidthMaxAdj: 0
  m_enableWordWrapping: 1
  m_wordWrappingRatios: 0.4
  m_overflowMode: 0
  m_linkedTextComponent: {fileID: 0}
  parentLinkedComponent: {fileID: 0}
  m_enableKerning: 1
  m_enableExtraPadding: 0
  checkPaddingRequired: 0
  m_isRichText: 1
  m_parseCtrlCharacters: 1
  m_isOrthographic: 0
  m_isCullingEnabled: 0
  m_horizontalMapping: 0
  m_verticalMapping: 0
  m_uvLineOffset: 0
  m_geometrySortingOrder: 0
  m_IsTextObjectScaleStatic: 0
  m_VertexBufferAutoSizeReduction: 1
  m_useMaxVisibleDescender: 1
  m_pageToDisplay: 1
  m_margin: {x: 0.05387515, y: 0, z: 0, w: 0}
  m_isUsingLegacyAnimationComponent: 0
  m_isVolumetricText: 0
  m_hasFontAssetChanged: 0
  m_renderer: {fileID: 531154361}
  m_maskType: 0
  _SortingLayerID: 0
  _SortingOrder: 0
--- !u!222 &531154360
CanvasRenderer:
  m_ObjectHideFlags: 2
  m_CorrespondingSourceObject: {fileID: 0}
  m_PrefabInstance: {fileID: 0}
  m_PrefabAsset: {fileID: 0}
  m_GameObject: {fileID: 531154357}
  m_CullTransparentMesh: 0
--- !u!23 &531154361
MeshRenderer:
  m_ObjectHideFlags: 0
  m_CorrespondingSourceObject: {fileID: 0}
  m_PrefabInstance: {fileID: 0}
  m_PrefabAsset: {fileID: 0}
  m_GameObject: {fileID: 531154357}
  m_Enabled: 1
  m_CastShadows: 0
  m_ReceiveShadows: 0
  m_DynamicOccludee: 1
  m_MotionVectors: 1
  m_LightProbeUsage: 1
  m_ReflectionProbeUsage: 1
  m_RayTracingMode: 2
  m_RenderingLayerMask: 1
  m_RendererPriority: 0
  m_Materials:
  - {fileID: 2180264, guid: 8f586378b4e144a9851e7b34d9b748ee, type: 2}
  m_StaticBatchInfo:
    firstSubMesh: 0
    subMeshCount: 0
  m_StaticBatchRoot: {fileID: 0}
  m_ProbeAnchor: {fileID: 0}
  m_LightProbeVolumeOverride: {fileID: 0}
  m_ScaleInLightmap: 1
  m_ReceiveGI: 1
  m_PreserveUVs: 0
  m_IgnoreNormalsForChartDetection: 0
  m_ImportantGI: 0
  m_StitchLightmapSeams: 1
  m_SelectedEditorRenderState: 3
  m_MinimumChartSize: 4
  m_AutoUVMaxDistance: 0.5
  m_AutoUVMaxAngle: 89
  m_LightmapParameters: {fileID: 0}
  m_SortingLayerID: 0
  m_SortingLayer: 0
  m_SortingOrder: 0
--- !u!1 &700719868 stripped
GameObject:
  m_CorrespondingSourceObject: {fileID: 1000013433615842, guid: d1eded5bbb3e59a41bd0cb0ce667e410,
    type: 3}
  m_PrefabInstance: {fileID: 1309338192}
  m_PrefabAsset: {fileID: 0}
--- !u!114 &700719875
MonoBehaviour:
  m_ObjectHideFlags: 0
  m_CorrespondingSourceObject: {fileID: 0}
  m_PrefabInstance: {fileID: 0}
  m_PrefabAsset: {fileID: 0}
  m_GameObject: {fileID: 700719868}
  m_Enabled: 1
  m_EditorHideFlags: 0
  m_Script: {fileID: 11500000, guid: d6809a5d4dc9c9f458b0c1a8e76eb121, type: 3}
  m_Name: 
  m_EditorClassIdentifier: 
  m_id: rRingProximal
--- !u!1 &705507993
GameObject:
  m_ObjectHideFlags: 0
  m_CorrespondingSourceObject: {fileID: 0}
  m_PrefabInstance: {fileID: 0}
  m_PrefabAsset: {fileID: 0}
  serializedVersion: 6
  m_Component:
  - component: {fileID: 705507995}
  - component: {fileID: 705507994}
  m_Layer: 0
  m_Name: Directional Light
  m_TagString: Untagged
  m_Icon: {fileID: 0}
  m_NavMeshLayer: 0
  m_StaticEditorFlags: 0
  m_IsActive: 1
--- !u!108 &705507994
Light:
  m_ObjectHideFlags: 0
  m_CorrespondingSourceObject: {fileID: 0}
  m_PrefabInstance: {fileID: 0}
  m_PrefabAsset: {fileID: 0}
  m_GameObject: {fileID: 705507993}
  m_Enabled: 1
  serializedVersion: 10
  m_Type: 1
  m_Shape: 0
  m_Color: {r: 1, g: 0.95686275, b: 0.8392157, a: 1}
  m_Intensity: 1
  m_Range: 10
  m_SpotAngle: 30
  m_InnerSpotAngle: 21.80208
  m_CookieSize: 10
  m_Shadows:
    m_Type: 2
    m_Resolution: -1
    m_CustomResolution: -1
    m_Strength: 1
    m_Bias: 0.05
    m_NormalBias: 0.4
    m_NearPlane: 0.2
    m_CullingMatrixOverride:
      e00: 1
      e01: 0
      e02: 0
      e03: 0
      e10: 0
      e11: 1
      e12: 0
      e13: 0
      e20: 0
      e21: 0
      e22: 1
      e23: 0
      e30: 0
      e31: 0
      e32: 0
      e33: 1
    m_UseCullingMatrixOverride: 0
  m_Cookie: {fileID: 0}
  m_DrawHalo: 0
  m_Flare: {fileID: 0}
  m_RenderMode: 0
  m_CullingMask:
    serializedVersion: 2
    m_Bits: 4294967295
  m_RenderingLayerMask: 1
  m_Lightmapping: 1
  m_LightShadowCasterMode: 0
  m_AreaSize: {x: 1, y: 1}
  m_BounceIntensity: 1
  m_ColorTemperature: 6570
  m_UseColorTemperature: 0
  m_BoundingSphereOverride: {x: 0, y: 0, z: 0, w: 0}
  m_UseBoundingSphereOverride: 0
  m_ShadowRadius: 0
  m_ShadowAngle: 0
--- !u!4 &705507995
Transform:
  m_ObjectHideFlags: 0
  m_CorrespondingSourceObject: {fileID: 0}
  m_PrefabInstance: {fileID: 0}
  m_PrefabAsset: {fileID: 0}
  m_GameObject: {fileID: 705507993}
  m_LocalRotation: {x: 0.40821788, y: -0.23456968, z: 0.10938163, w: 0.8754261}
  m_LocalPosition: {x: 0, y: 3, z: 0}
  m_LocalScale: {x: 1, y: 1, z: 1}
  m_Children: []
  m_Father: {fileID: 0}
  m_RootOrder: 0
  m_LocalEulerAnglesHint: {x: 50, y: -30, z: 0}
--- !u!1 &719014319 stripped
GameObject:
  m_CorrespondingSourceObject: {fileID: 1000014006033838, guid: d1eded5bbb3e59a41bd0cb0ce667e410,
    type: 3}
  m_PrefabInstance: {fileID: 1309338192}
  m_PrefabAsset: {fileID: 0}
--- !u!114 &719014325
MonoBehaviour:
  m_ObjectHideFlags: 0
  m_CorrespondingSourceObject: {fileID: 0}
  m_PrefabInstance: {fileID: 0}
  m_PrefabAsset: {fileID: 0}
  m_GameObject: {fileID: 719014319}
  m_Enabled: 1
  m_EditorHideFlags: 0
  m_Script: {fileID: 11500000, guid: d6809a5d4dc9c9f458b0c1a8e76eb121, type: 3}
  m_Name: 
  m_EditorClassIdentifier: 
  m_id: rThProximal2
--- !u!1 &729528348 stripped
GameObject:
  m_CorrespondingSourceObject: {fileID: 1000014154136672, guid: d1eded5bbb3e59a41bd0cb0ce667e410,
    type: 3}
  m_PrefabInstance: {fileID: 1309338192}
  m_PrefabAsset: {fileID: 0}
--- !u!114 &729528354
MonoBehaviour:
  m_ObjectHideFlags: 0
  m_CorrespondingSourceObject: {fileID: 0}
  m_PrefabInstance: {fileID: 0}
  m_PrefabAsset: {fileID: 0}
  m_GameObject: {fileID: 729528348}
  m_Enabled: 1
  m_EditorHideFlags: 0
  m_Script: {fileID: 11500000, guid: d6809a5d4dc9c9f458b0c1a8e76eb121, type: 3}
  m_Name: 
  m_EditorClassIdentifier: 
  m_id: rWristDev
--- !u!1 &768368377 stripped
GameObject:
  m_CorrespondingSourceObject: {fileID: 1000013561685172, guid: d1eded5bbb3e59a41bd0cb0ce667e410,
    type: 3}
  m_PrefabInstance: {fileID: 1309338192}
  m_PrefabAsset: {fileID: 0}
--- !u!114 &768368384
MonoBehaviour:
  m_ObjectHideFlags: 0
  m_CorrespondingSourceObject: {fileID: 0}
  m_PrefabInstance: {fileID: 0}
  m_PrefabAsset: {fileID: 0}
  m_GameObject: {fileID: 768368377}
  m_Enabled: 1
  m_EditorHideFlags: 0
  m_Script: {fileID: 11500000, guid: d6809a5d4dc9c9f458b0c1a8e76eb121, type: 3}
  m_Name: 
  m_EditorClassIdentifier: 
  m_id: rMidMedial
--- !u!1 &769196349 stripped
GameObject:
  m_CorrespondingSourceObject: {fileID: 1000012695620118, guid: d1eded5bbb3e59a41bd0cb0ce667e410,
    type: 3}
  m_PrefabInstance: {fileID: 1309338192}
  m_PrefabAsset: {fileID: 0}
--- !u!114 &769196355
MonoBehaviour:
  m_ObjectHideFlags: 0
  m_CorrespondingSourceObject: {fileID: 0}
  m_PrefabInstance: {fileID: 0}
  m_PrefabAsset: {fileID: 0}
  m_GameObject: {fileID: 769196349}
  m_Enabled: 1
  m_EditorHideFlags: 0
  m_Script: {fileID: 11500000, guid: d6809a5d4dc9c9f458b0c1a8e76eb121, type: 3}
  m_Name: 
  m_EditorClassIdentifier: 
  m_id: rIndMetaCarpal
--- !u!1 &797784136 stripped
GameObject:
  m_CorrespondingSourceObject: {fileID: 1000010113653518, guid: 83aae98f19433bf44bb2613869ec2b6c,
    type: 3}
  m_PrefabInstance: {fileID: 1715308603}
  m_PrefabAsset: {fileID: 0}
--- !u!65 &797784138
BoxCollider:
  m_ObjectHideFlags: 0
  m_CorrespondingSourceObject: {fileID: 0}
  m_PrefabInstance: {fileID: 0}
  m_PrefabAsset: {fileID: 0}
  m_GameObject: {fileID: 797784136}
  m_Material: {fileID: 0}
  m_IsTrigger: 0
  m_Enabled: 1
  serializedVersion: 2
  m_Size: {x: 2.3, y: 1, z: 0.75}
  m_Center: {x: -1.1996193, y: -0.47111526, z: 0.37496483}
--- !u!1 &871233846
GameObject:
  m_ObjectHideFlags: 0
  m_CorrespondingSourceObject: {fileID: 0}
  m_PrefabInstance: {fileID: 0}
  m_PrefabAsset: {fileID: 0}
  serializedVersion: 6
  m_Component:
  - component: {fileID: 871233847}
  - component: {fileID: 871233850}
  - component: {fileID: 871233849}
  m_Layer: 0
  m_Name: Cylinder
  m_TagString: Untagged
  m_Icon: {fileID: 0}
  m_NavMeshLayer: 0
  m_StaticEditorFlags: 0
  m_IsActive: 1
--- !u!4 &871233847
Transform:
  m_ObjectHideFlags: 0
  m_CorrespondingSourceObject: {fileID: 0}
  m_PrefabInstance: {fileID: 0}
  m_PrefabAsset: {fileID: 0}
  m_GameObject: {fileID: 871233846}
  m_LocalRotation: {x: 0.7071068, y: 0, z: 0, w: 0.7071068}
  m_LocalPosition: {x: -1.25, y: -0.26, z: 0.828}
  m_LocalScale: {x: 0.05, y: 0.08, z: 0.05}
  m_Children:
  - {fileID: 280033475}
  m_Father: {fileID: 1185176209}
  m_RootOrder: 1
  m_LocalEulerAnglesHint: {x: 90, y: 0, z: 0}
--- !u!114 &871233849
MonoBehaviour:
  m_ObjectHideFlags: 0
  m_CorrespondingSourceObject: {fileID: 0}
  m_PrefabInstance: {fileID: 0}
  m_PrefabAsset: {fileID: 0}
  m_GameObject: {fileID: 871233846}
  m_Enabled: 1
  m_EditorHideFlags: 0
  m_Script: {fileID: 11500000, guid: 107600788db68464caca405b14f1f056, type: 3}
  m_Name: 
  m_EditorClassIdentifier: 
  GraspingCylinder: 0
  norm_diff_cld: 0
  collision: 0
  debugText: {fileID: 178522072}
  topArbiter: {fileID: 52400179}
  palm: {fileID: 1250651776}
--- !u!136 &871233850
CapsuleCollider:
  m_ObjectHideFlags: 0
  m_CorrespondingSourceObject: {fileID: 0}
  m_PrefabInstance: {fileID: 0}
  m_PrefabAsset: {fileID: 0}
  m_GameObject: {fileID: 871233846}
  m_Material: {fileID: 0}
  m_IsTrigger: 1
  m_Enabled: 1
  m_Radius: 0.52
  m_Height: 2.5
  m_Direction: 1
  m_Center: {x: 0, y: 0, z: 0}
--- !u!1 &914008366
GameObject:
  m_ObjectHideFlags: 0
  m_CorrespondingSourceObject: {fileID: 0}
  m_PrefabInstance: {fileID: 0}
  m_PrefabAsset: {fileID: 0}
  serializedVersion: 6
  m_Component:
  - component: {fileID: 914008367}
  - component: {fileID: 914008370}
  - component: {fileID: 914008369}
  - component: {fileID: 914008368}
  - component: {fileID: 914008371}
  - component: {fileID: 914008372}
  m_Layer: 0
  m_Name: SphereChild
  m_TagString: Grab
  m_Icon: {fileID: 0}
  m_NavMeshLayer: 0
  m_StaticEditorFlags: 0
  m_IsActive: 1
--- !u!4 &914008367
Transform:
  m_ObjectHideFlags: 0
  m_CorrespondingSourceObject: {fileID: 0}
  m_PrefabInstance: {fileID: 0}
  m_PrefabAsset: {fileID: 0}
  m_GameObject: {fileID: 914008366}
  m_LocalRotation: {x: -0, y: -0, z: -0, w: 1}
  m_LocalPosition: {x: 0, y: 0, z: 0}
  m_LocalScale: {x: 0.08, y: 0.08, z: 0.08}
  m_Children: []
  m_Father: {fileID: 1766653137}
  m_RootOrder: 0
  m_LocalEulerAnglesHint: {x: 0, y: 0, z: 0}
--- !u!135 &914008368
SphereCollider:
  m_ObjectHideFlags: 0
  m_CorrespondingSourceObject: {fileID: 0}
  m_PrefabInstance: {fileID: 0}
  m_PrefabAsset: {fileID: 0}
  m_GameObject: {fileID: 914008366}
  m_Material: {fileID: 0}
  m_IsTrigger: 0
  m_Enabled: 1
  serializedVersion: 2
  m_Radius: 0.5
  m_Center: {x: 0, y: 0, z: 0}
--- !u!23 &914008369
MeshRenderer:
  m_ObjectHideFlags: 0
  m_CorrespondingSourceObject: {fileID: 0}
  m_PrefabInstance: {fileID: 0}
  m_PrefabAsset: {fileID: 0}
  m_GameObject: {fileID: 914008366}
  m_Enabled: 1
  m_CastShadows: 1
  m_ReceiveShadows: 1
  m_DynamicOccludee: 1
  m_MotionVectors: 1
  m_LightProbeUsage: 1
  m_ReflectionProbeUsage: 1
  m_RayTracingMode: 2
  m_RenderingLayerMask: 1
  m_RendererPriority: 0
  m_Materials:
  - {fileID: 2100000, guid: 5eca06b11fa903f44abebd35de10e454, type: 2}
  m_StaticBatchInfo:
    firstSubMesh: 0
    subMeshCount: 0
  m_StaticBatchRoot: {fileID: 0}
  m_ProbeAnchor: {fileID: 0}
  m_LightProbeVolumeOverride: {fileID: 0}
  m_ScaleInLightmap: 1
  m_ReceiveGI: 1
  m_PreserveUVs: 0
  m_IgnoreNormalsForChartDetection: 0
  m_ImportantGI: 0
  m_StitchLightmapSeams: 1
  m_SelectedEditorRenderState: 3
  m_MinimumChartSize: 4
  m_AutoUVMaxDistance: 0.5
  m_AutoUVMaxAngle: 89
  m_LightmapParameters: {fileID: 0}
  m_SortingLayerID: 0
  m_SortingLayer: 0
  m_SortingOrder: 0
--- !u!33 &914008370
MeshFilter:
  m_ObjectHideFlags: 0
  m_CorrespondingSourceObject: {fileID: 0}
  m_PrefabInstance: {fileID: 0}
  m_PrefabAsset: {fileID: 0}
  m_GameObject: {fileID: 914008366}
  m_Mesh: {fileID: 10207, guid: 0000000000000000e000000000000000, type: 0}
--- !u!54 &914008371
Rigidbody:
  m_ObjectHideFlags: 0
  m_CorrespondingSourceObject: {fileID: 0}
  m_PrefabInstance: {fileID: 0}
  m_PrefabAsset: {fileID: 0}
  m_GameObject: {fileID: 914008366}
  serializedVersion: 2
  m_Mass: 0.01
  m_Drag: 0
  m_AngularDrag: 0.05
  m_UseGravity: 1
  m_IsKinematic: 0
  m_Interpolate: 0
  m_Constraints: 126
  m_CollisionDetection: 0
--- !u!114 &914008372
MonoBehaviour:
  m_ObjectHideFlags: 0
  m_CorrespondingSourceObject: {fileID: 0}
  m_PrefabInstance: {fileID: 0}
  m_PrefabAsset: {fileID: 0}
  m_GameObject: {fileID: 914008366}
  m_Enabled: 1
  m_EditorHideFlags: 0
  m_Script: {fileID: 11500000, guid: 088bf136ee93f914db996d998a5ee866, type: 3}
  m_Name: 
  m_EditorClassIdentifier: 
  primitive: 2
--- !u!1 &916035174
GameObject:
  m_ObjectHideFlags: 0
  m_CorrespondingSourceObject: {fileID: 0}
  m_PrefabInstance: {fileID: 0}
  m_PrefabAsset: {fileID: 0}
  serializedVersion: 6
  m_Component:
  - component: {fileID: 916035178}
  - component: {fileID: 916035177}
  - component: {fileID: 916035176}
  - component: {fileID: 916035175}
  m_Layer: 0
  m_Name: Floor
  m_TagString: Untagged
  m_Icon: {fileID: 0}
  m_NavMeshLayer: 0
  m_StaticEditorFlags: 0
  m_IsActive: 1
--- !u!64 &916035175
MeshCollider:
  m_ObjectHideFlags: 0
  m_CorrespondingSourceObject: {fileID: 0}
  m_PrefabInstance: {fileID: 0}
  m_PrefabAsset: {fileID: 0}
  m_GameObject: {fileID: 916035174}
  m_Material: {fileID: 0}
  m_IsTrigger: 0
  m_Enabled: 1
  serializedVersion: 4
  m_Convex: 0
  m_CookingOptions: 30
  m_Mesh: {fileID: 10209, guid: 0000000000000000e000000000000000, type: 0}
--- !u!23 &916035176
MeshRenderer:
  m_ObjectHideFlags: 0
  m_CorrespondingSourceObject: {fileID: 0}
  m_PrefabInstance: {fileID: 0}
  m_PrefabAsset: {fileID: 0}
  m_GameObject: {fileID: 916035174}
  m_Enabled: 1
  m_CastShadows: 1
  m_ReceiveShadows: 1
  m_DynamicOccludee: 1
  m_MotionVectors: 1
  m_LightProbeUsage: 1
  m_ReflectionProbeUsage: 1
  m_RayTracingMode: 2
  m_RenderingLayerMask: 1
  m_RendererPriority: 0
  m_Materials:
  - {fileID: 2100000, guid: 09f190ceb1fc14944b6818f6b028c727, type: 2}
  m_StaticBatchInfo:
    firstSubMesh: 0
    subMeshCount: 0
  m_StaticBatchRoot: {fileID: 0}
  m_ProbeAnchor: {fileID: 0}
  m_LightProbeVolumeOverride: {fileID: 0}
  m_ScaleInLightmap: 1
  m_ReceiveGI: 1
  m_PreserveUVs: 0
  m_IgnoreNormalsForChartDetection: 0
  m_ImportantGI: 0
  m_StitchLightmapSeams: 1
  m_SelectedEditorRenderState: 3
  m_MinimumChartSize: 4
  m_AutoUVMaxDistance: 0.5
  m_AutoUVMaxAngle: 89
  m_LightmapParameters: {fileID: 0}
  m_SortingLayerID: 0
  m_SortingLayer: 0
  m_SortingOrder: 0
--- !u!33 &916035177
MeshFilter:
  m_ObjectHideFlags: 0
  m_CorrespondingSourceObject: {fileID: 0}
  m_PrefabInstance: {fileID: 0}
  m_PrefabAsset: {fileID: 0}
  m_GameObject: {fileID: 916035174}
  m_Mesh: {fileID: 10209, guid: 0000000000000000e000000000000000, type: 0}
--- !u!4 &916035178
Transform:
  m_ObjectHideFlags: 0
  m_CorrespondingSourceObject: {fileID: 0}
  m_PrefabInstance: {fileID: 0}
  m_PrefabAsset: {fileID: 0}
  m_GameObject: {fileID: 916035174}
  m_LocalRotation: {x: 0, y: 0, z: 0, w: 1}
  m_LocalPosition: {x: 0, y: -1.3, z: 0}
  m_LocalScale: {x: 1, y: 1, z: 1}
  m_Children: []
  m_Father: {fileID: 0}
  m_RootOrder: 3
  m_LocalEulerAnglesHint: {x: 0, y: 0, z: 0}
--- !u!1 &963194225
GameObject:
  m_ObjectHideFlags: 0
  m_CorrespondingSourceObject: {fileID: 0}
  m_PrefabInstance: {fileID: 0}
  m_PrefabAsset: {fileID: 0}
  serializedVersion: 6
  m_Component:
  - component: {fileID: 963194228}
  - component: {fileID: 963194227}
  - component: {fileID: 963194226}
  - component: {fileID: 963194231}
  - component: {fileID: 963194230}
  - component: {fileID: 963194229}
  m_Layer: 0
  m_Name: Main Camera
  m_TagString: MainCamera
  m_Icon: {fileID: 0}
  m_NavMeshLayer: 0
  m_StaticEditorFlags: 0
  m_IsActive: 1
--- !u!81 &963194226
AudioListener:
  m_ObjectHideFlags: 0
  m_CorrespondingSourceObject: {fileID: 0}
  m_PrefabInstance: {fileID: 0}
  m_PrefabAsset: {fileID: 0}
  m_GameObject: {fileID: 963194225}
  m_Enabled: 1
--- !u!20 &963194227
Camera:
  m_ObjectHideFlags: 0
  m_CorrespondingSourceObject: {fileID: 0}
  m_PrefabInstance: {fileID: 0}
  m_PrefabAsset: {fileID: 0}
  m_GameObject: {fileID: 963194225}
  m_Enabled: 1
  serializedVersion: 2
  m_ClearFlags: 1
  m_BackGroundColor: {r: 0, g: 0, b: 0, a: 1}
  m_projectionMatrixMode: 1
  m_GateFitMode: 2
  m_FOVAxisMode: 0
  m_SensorSize: {x: 36, y: 24}
  m_LensShift: {x: 0, y: 0}
  m_FocalLength: 50
  m_NormalizedViewPortRect:
    serializedVersion: 2
    x: 0
    y: 0
    width: 1
    height: 1
  near clip plane: 0.1
  far clip plane: 1000
  field of view: 60
  orthographic: 0
  orthographic size: 5
  m_Depth: -1
  m_CullingMask:
    serializedVersion: 2
    m_Bits: 4294967295
  m_RenderingPath: -1
  m_TargetTexture: {fileID: 0}
  m_TargetDisplay: 0
  m_TargetEye: 3
  m_HDR: 1
  m_AllowMSAA: 1
  m_AllowDynamicResolution: 0
  m_ForceIntoRT: 0
  m_OcclusionCulling: 1
  m_StereoConvergence: 10
  m_StereoSeparation: 0.022
--- !u!4 &963194228
Transform:
  m_ObjectHideFlags: 0
  m_CorrespondingSourceObject: {fileID: 0}
  m_PrefabInstance: {fileID: 0}
  m_PrefabAsset: {fileID: 0}
  m_GameObject: {fileID: 963194225}
  m_LocalRotation: {x: -0, y: -0, z: -0, w: 1}
  m_LocalPosition: {x: 0, y: 0, z: 0}
  m_LocalScale: {x: 1, y: 1, z: 1}
  m_Children:
  - {fileID: 531154358}
  - {fileID: 2012998034}
  - {fileID: 178522071}
  m_Father: {fileID: 1214178018}
  m_RootOrder: 0
  m_LocalEulerAnglesHint: {x: 0, y: 0, z: 0}
--- !u!114 &963194229
MonoBehaviour:
  m_ObjectHideFlags: 0
  m_CorrespondingSourceObject: {fileID: 0}
  m_PrefabInstance: {fileID: 0}
  m_PrefabAsset: {fileID: 0}
  m_GameObject: {fileID: 963194225}
  m_Enabled: 1
  m_EditorHideFlags: 0
  m_Script: {fileID: 11500000, guid: bf98dd1206224111a38765365e98e207, type: 3}
  m_Name: 
  m_EditorClassIdentifier: 
  lockCursorWhenFocusLocked: 1
  setCursorInvisibleWhenFocusLocked: 0
  maxGazeCollisionDistance: 10
  raycastLayerMasks:
  - serializedVersion: 2
    m_Bits: 4294967291
  stabilizer:
    storedStabilitySamples: 60
  gazeTransform: {fileID: 0}
  minHeadVelocityThreshold: 0.5
  maxHeadVelocityThreshold: 2
--- !u!114 &963194230
MonoBehaviour:
  m_ObjectHideFlags: 0
  m_CorrespondingSourceObject: {fileID: 0}
  m_PrefabInstance: {fileID: 0}
  m_PrefabAsset: {fileID: 0}
  m_GameObject: {fileID: 963194225}
  m_Enabled: 1
  m_EditorHideFlags: 0
  m_Script: {fileID: 11500000, guid: 7a21b486d0bb44444b1418aaa38b44de, type: 3}
  m_Name: 
  m_EditorClassIdentifier: 
  m_HorizontalAxis: Horizontal
  m_VerticalAxis: Vertical
  m_SubmitButton: Submit
  m_CancelButton: Cancel
  m_InputActionsPerSecond: 10
  m_RepeatDelay: 0.5
  m_ForceModuleActive: 0
--- !u!114 &963194231
MonoBehaviour:
  m_ObjectHideFlags: 0
  m_CorrespondingSourceObject: {fileID: 0}
  m_PrefabInstance: {fileID: 0}
  m_PrefabAsset: {fileID: 0}
  m_GameObject: {fileID: 963194225}
  m_Enabled: 1
  m_EditorHideFlags: 0
  m_Script: {fileID: 11500000, guid: 76c392e42b5098c458856cdf6ecaaaa1, type: 3}
  m_Name: 
  m_EditorClassIdentifier: 
  m_FirstSelected: {fileID: 0}
  m_sendNavigationEvents: 1
  m_DragThreshold: 10
--- !u!1 &1036673026
GameObject:
  m_ObjectHideFlags: 0
  m_CorrespondingSourceObject: {fileID: 0}
  m_PrefabInstance: {fileID: 0}
  m_PrefabAsset: {fileID: 0}
  serializedVersion: 6
  m_Component:
  - component: {fileID: 1036673027}
  m_Layer: 0
  m_Name: MPLTransHumeralCalibrator
  m_TagString: Untagged
  m_Icon: {fileID: 0}
  m_NavMeshLayer: 0
  m_StaticEditorFlags: 0
  m_IsActive: 1
--- !u!4 &1036673027
Transform:
  m_ObjectHideFlags: 0
  m_CorrespondingSourceObject: {fileID: 0}
  m_PrefabInstance: {fileID: 0}
  m_PrefabAsset: {fileID: 0}
  m_GameObject: {fileID: 1036673026}
  m_LocalRotation: {x: 0, y: 0, z: 0, w: 1}
  m_LocalPosition: {x: 0.161, y: 0.6185, z: -0.08}
  m_LocalScale: {x: 1, y: 1, z: 1}
  m_Children: []
  m_Father: {fileID: 1535106362}
  m_RootOrder: 0
  m_LocalEulerAnglesHint: {x: 0, y: 0, z: 0}
--- !u!1 &1131448711 stripped
GameObject:
  m_CorrespondingSourceObject: {fileID: 1000011094665896, guid: d1eded5bbb3e59a41bd0cb0ce667e410,
    type: 3}
  m_PrefabInstance: {fileID: 1309338192}
  m_PrefabAsset: {fileID: 0}
--- !u!114 &1131448718
MonoBehaviour:
  m_ObjectHideFlags: 0
  m_CorrespondingSourceObject: {fileID: 0}
  m_PrefabInstance: {fileID: 0}
  m_PrefabAsset: {fileID: 0}
  m_GameObject: {fileID: 1131448711}
  m_Enabled: 1
  m_EditorHideFlags: 0
  m_Script: {fileID: 11500000, guid: d6809a5d4dc9c9f458b0c1a8e76eb121, type: 3}
  m_Name: 
  m_EditorClassIdentifier: 
  m_id: rRingMedial
--- !u!1 &1137111115
GameObject:
  m_ObjectHideFlags: 0
  m_CorrespondingSourceObject: {fileID: 0}
  m_PrefabInstance: {fileID: 0}
  m_PrefabAsset: {fileID: 0}
  serializedVersion: 6
  m_Component:
  - component: {fileID: 1137111116}
  - component: {fileID: 1137111119}
  - component: {fileID: 1137111118}
  - component: {fileID: 1137111117}
  - component: {fileID: 1137111120}
  - component: {fileID: 1137111121}
  m_Layer: 0
  m_Name: CubeChild
  m_TagString: Grab
  m_Icon: {fileID: 0}
  m_NavMeshLayer: 0
  m_StaticEditorFlags: 0
  m_IsActive: 1
--- !u!4 &1137111116
Transform:
  m_ObjectHideFlags: 0
  m_CorrespondingSourceObject: {fileID: 0}
  m_PrefabInstance: {fileID: 0}
  m_PrefabAsset: {fileID: 0}
  m_GameObject: {fileID: 1137111115}
  m_LocalRotation: {x: -0, y: -0, z: -0, w: 1}
  m_LocalPosition: {x: 0, y: 0, z: 0}
  m_LocalScale: {x: 0.02, y: 0.08, z: 0.08}
  m_Children: []
  m_Father: {fileID: 1290229450}
  m_RootOrder: 0
  m_LocalEulerAnglesHint: {x: 0, y: 0, z: 0}
--- !u!65 &1137111117
BoxCollider:
  m_ObjectHideFlags: 0
  m_CorrespondingSourceObject: {fileID: 0}
  m_PrefabInstance: {fileID: 0}
  m_PrefabAsset: {fileID: 0}
  m_GameObject: {fileID: 1137111115}
  m_Material: {fileID: 0}
  m_IsTrigger: 0
  m_Enabled: 1
  serializedVersion: 2
  m_Size: {x: 1, y: 1, z: 1}
  m_Center: {x: 0, y: 0, z: 0}
--- !u!23 &1137111118
MeshRenderer:
  m_ObjectHideFlags: 0
  m_CorrespondingSourceObject: {fileID: 0}
  m_PrefabInstance: {fileID: 0}
  m_PrefabAsset: {fileID: 0}
  m_GameObject: {fileID: 1137111115}
  m_Enabled: 1
  m_CastShadows: 1
  m_ReceiveShadows: 1
  m_DynamicOccludee: 1
  m_MotionVectors: 1
  m_LightProbeUsage: 1
  m_ReflectionProbeUsage: 1
  m_RayTracingMode: 2
  m_RenderingLayerMask: 1
  m_RendererPriority: 0
  m_Materials:
  - {fileID: 2100000, guid: e78dc8585dd474e4d9c74a8531999648, type: 2}
  m_StaticBatchInfo:
    firstSubMesh: 0
    subMeshCount: 0
  m_StaticBatchRoot: {fileID: 0}
  m_ProbeAnchor: {fileID: 0}
  m_LightProbeVolumeOverride: {fileID: 0}
  m_ScaleInLightmap: 1
  m_ReceiveGI: 1
  m_PreserveUVs: 0
  m_IgnoreNormalsForChartDetection: 0
  m_ImportantGI: 0
  m_StitchLightmapSeams: 1
  m_SelectedEditorRenderState: 3
  m_MinimumChartSize: 4
  m_AutoUVMaxDistance: 0.5
  m_AutoUVMaxAngle: 89
  m_LightmapParameters: {fileID: 0}
  m_SortingLayerID: 0
  m_SortingLayer: 0
  m_SortingOrder: 0
--- !u!33 &1137111119
MeshFilter:
  m_ObjectHideFlags: 0
  m_CorrespondingSourceObject: {fileID: 0}
  m_PrefabInstance: {fileID: 0}
  m_PrefabAsset: {fileID: 0}
  m_GameObject: {fileID: 1137111115}
  m_Mesh: {fileID: 10202, guid: 0000000000000000e000000000000000, type: 0}
--- !u!54 &1137111120
Rigidbody:
  m_ObjectHideFlags: 0
  m_CorrespondingSourceObject: {fileID: 0}
  m_PrefabInstance: {fileID: 0}
  m_PrefabAsset: {fileID: 0}
  m_GameObject: {fileID: 1137111115}
  serializedVersion: 2
  m_Mass: 0.01
  m_Drag: 0
  m_AngularDrag: 0.05
  m_UseGravity: 1
  m_IsKinematic: 0
  m_Interpolate: 0
  m_Constraints: 126
  m_CollisionDetection: 3
--- !u!114 &1137111121
MonoBehaviour:
  m_ObjectHideFlags: 0
  m_CorrespondingSourceObject: {fileID: 0}
  m_PrefabInstance: {fileID: 0}
  m_PrefabAsset: {fileID: 0}
  m_GameObject: {fileID: 1137111115}
  m_Enabled: 1
  m_EditorHideFlags: 0
  m_Script: {fileID: 11500000, guid: 088bf136ee93f914db996d998a5ee866, type: 3}
  m_Name: 
  m_EditorClassIdentifier: 
  primitive: 1
--- !u!4 &1185176209 stripped
Transform:
  m_CorrespondingSourceObject: {fileID: 4000012531075890, guid: 83aae98f19433bf44bb2613869ec2b6c,
    type: 3}
  m_PrefabInstance: {fileID: 1715308603}
  m_PrefabAsset: {fileID: 0}
--- !u!1 &1214178017
GameObject:
  m_ObjectHideFlags: 0
  m_CorrespondingSourceObject: {fileID: 0}
  m_PrefabInstance: {fileID: 0}
  m_PrefabAsset: {fileID: 0}
  serializedVersion: 6
  m_Component:
  - component: {fileID: 1214178018}
  m_Layer: 0
  m_Name: MixedRealityPlayspace
  m_TagString: Untagged
  m_Icon: {fileID: 0}
  m_NavMeshLayer: 0
  m_StaticEditorFlags: 0
  m_IsActive: 1
--- !u!4 &1214178018
Transform:
  m_ObjectHideFlags: 0
  m_CorrespondingSourceObject: {fileID: 0}
  m_PrefabInstance: {fileID: 0}
  m_PrefabAsset: {fileID: 0}
  m_GameObject: {fileID: 1214178017}
  m_LocalRotation: {x: 0, y: 0, z: 0, w: 1}
  m_LocalPosition: {x: 0, y: 0, z: 0}
  m_LocalScale: {x: 1, y: 1, z: 1}
  m_Children:
  - {fileID: 963194228}
  m_Father: {fileID: 0}
  m_RootOrder: 2
  m_LocalEulerAnglesHint: {x: 0, y: 0, z: 0}
--- !u!1 &1250651776 stripped
GameObject:
  m_CorrespondingSourceObject: {fileID: 1000012000205768, guid: d1eded5bbb3e59a41bd0cb0ce667e410,
    type: 3}
  m_PrefabInstance: {fileID: 1309338192}
  m_PrefabAsset: {fileID: 0}
--- !u!114 &1250651787
MonoBehaviour:
  m_ObjectHideFlags: 0
  m_CorrespondingSourceObject: {fileID: 0}
  m_PrefabInstance: {fileID: 0}
  m_PrefabAsset: {fileID: 0}
  m_GameObject: {fileID: 1250651776}
  m_Enabled: 1
  m_EditorHideFlags: 0
  m_Script: {fileID: 11500000, guid: d6809a5d4dc9c9f458b0c1a8e76eb121, type: 3}
  m_Name: 
  m_EditorClassIdentifier: 
  m_id: rPalm
--- !u!1 &1264605863 stripped
GameObject:
  m_CorrespondingSourceObject: {fileID: 1000012135376568, guid: d1eded5bbb3e59a41bd0cb0ce667e410,
    type: 3}
  m_PrefabInstance: {fileID: 1309338192}
  m_PrefabAsset: {fileID: 0}
--- !u!114 &1264605869
MonoBehaviour:
  m_ObjectHideFlags: 0
  m_CorrespondingSourceObject: {fileID: 0}
  m_PrefabInstance: {fileID: 0}
  m_PrefabAsset: {fileID: 0}
  m_GameObject: {fileID: 1264605863}
  m_Enabled: 1
  m_EditorHideFlags: 0
  m_Script: {fileID: 11500000, guid: d6809a5d4dc9c9f458b0c1a8e76eb121, type: 3}
  m_Name: 
  m_EditorClassIdentifier: 
  m_id: rRingDistal
--- !u!1 &1283826392
GameObject:
  m_ObjectHideFlags: 0
  m_CorrespondingSourceObject: {fileID: 0}
  m_PrefabInstance: {fileID: 0}
  m_PrefabAsset: {fileID: 0}
  serializedVersion: 6
  m_Component:
  - component: {fileID: 1283826394}
  - component: {fileID: 1283826393}
  - component: {fileID: 1283826395}
  m_Layer: 0
  m_Name: EmgUdp
  m_TagString: Untagged
  m_Icon: {fileID: 0}
  m_NavMeshLayer: 0
  m_StaticEditorFlags: 0
  m_IsActive: 1
--- !u!114 &1283826393
MonoBehaviour:
  m_ObjectHideFlags: 0
  m_CorrespondingSourceObject: {fileID: 0}
  m_PrefabInstance: {fileID: 0}
  m_PrefabAsset: {fileID: 0}
  m_GameObject: {fileID: 1283826392}
  m_Enabled: 1
  m_EditorHideFlags: 0
  m_Script: {fileID: 11500000, guid: 5095fe3a1974261429df55e34344ddd5, type: 3}
  m_Name: 
  m_EditorClassIdentifier: 
--- !u!4 &1283826394
Transform:
  m_ObjectHideFlags: 0
  m_CorrespondingSourceObject: {fileID: 0}
  m_PrefabInstance: {fileID: 0}
  m_PrefabAsset: {fileID: 0}
  m_GameObject: {fileID: 1283826392}
  m_LocalRotation: {x: 0, y: 0, z: 0, w: 1}
  m_LocalPosition: {x: 0.037427753, y: -2.0382783, z: 4.136053}
  m_LocalScale: {x: 1, y: 1, z: 1}
  m_Children: []
  m_Father: {fileID: 0}
  m_RootOrder: 12
  m_LocalEulerAnglesHint: {x: 0, y: 0, z: 0}
--- !u!114 &1283826395
MonoBehaviour:
  m_ObjectHideFlags: 0
  m_CorrespondingSourceObject: {fileID: 0}
  m_PrefabInstance: {fileID: 0}
  m_PrefabAsset: {fileID: 0}
  m_GameObject: {fileID: 1283826392}
  m_Enabled: 1
  m_EditorHideFlags: 0
  m_Script: {fileID: 11500000, guid: a8223a056b1ccc14383be777ad1b881a, type: 3}
  m_Name: 
  m_EditorClassIdentifier: 
  txt: {fileID: 2012998035}
--- !u!1 &1290229449
GameObject:
  m_ObjectHideFlags: 0
  m_CorrespondingSourceObject: {fileID: 0}
  m_PrefabInstance: {fileID: 0}
  m_PrefabAsset: {fileID: 0}
  serializedVersion: 6
  m_Component:
  - component: {fileID: 1290229450}
  - component: {fileID: 1290229452}
  - component: {fileID: 1290229451}
  m_Layer: 0
  m_Name: Cube
  m_TagString: Untagged
  m_Icon: {fileID: 0}
  m_NavMeshLayer: 0
  m_StaticEditorFlags: 0
  m_IsActive: 1
--- !u!4 &1290229450
Transform:
  m_ObjectHideFlags: 0
  m_CorrespondingSourceObject: {fileID: 0}
  m_PrefabInstance: {fileID: 0}
  m_PrefabAsset: {fileID: 0}
  m_GameObject: {fileID: 1290229449}
  m_LocalRotation: {x: -0, y: -0, z: -0, w: 1}
  m_LocalPosition: {x: -1.513, y: -0.26, z: 0.8}
  m_LocalScale: {x: 1, y: 1, z: 1}
  m_Children:
  - {fileID: 1137111116}
  m_Father: {fileID: 1185176209}
  m_RootOrder: 0
  m_LocalEulerAnglesHint: {x: 0, y: 0, z: 0}
--- !u!114 &1290229451
MonoBehaviour:
  m_ObjectHideFlags: 0
  m_CorrespondingSourceObject: {fileID: 0}
  m_PrefabInstance: {fileID: 0}
  m_PrefabAsset: {fileID: 0}
  m_GameObject: {fileID: 1290229449}
  m_Enabled: 1
  m_EditorHideFlags: 0
  m_Script: {fileID: 11500000, guid: d9105da038ec068438c0fd33515d08a9, type: 3}
  m_Name: 
  m_EditorClassIdentifier: 
  GraspingCube: 0
  norm_diff_cld: 0
  collision: 0
  debugText: {fileID: 178522072}
  topArbiter: {fileID: 52400179}
  palm: {fileID: 1250651776}
--- !u!65 &1290229452
BoxCollider:
  m_ObjectHideFlags: 0
  m_CorrespondingSourceObject: {fileID: 0}
  m_PrefabInstance: {fileID: 0}
  m_PrefabAsset: {fileID: 0}
  m_GameObject: {fileID: 1290229449}
  m_Material: {fileID: 0}
  m_IsTrigger: 1
  m_Enabled: 1
  serializedVersion: 2
  m_Size: {x: 0.021, y: 0.081, z: 0.081}
  m_Center: {x: 0, y: 0, z: 0}
--- !u!1001 &1309338192
PrefabInstance:
  m_ObjectHideFlags: 0
  serializedVersion: 2
  m_Modification:
    m_TransformParent: {fileID: 0}
    m_Modifications:
    - target: {fileID: 1000011630630738, guid: d1eded5bbb3e59a41bd0cb0ce667e410, type: 3}
      propertyPath: m_Name
      value: rMPL
      objectReference: {fileID: 0}
    - target: {fileID: 1000014041300432, guid: d1eded5bbb3e59a41bd0cb0ce667e410, type: 3}
      propertyPath: m_IsActive
      value: 0
      objectReference: {fileID: 0}
    - target: {fileID: 4000011589390368, guid: d1eded5bbb3e59a41bd0cb0ce667e410, type: 3}
      propertyPath: m_RootOrder
      value: 8
      objectReference: {fileID: 0}
    - target: {fileID: 4000011589390368, guid: d1eded5bbb3e59a41bd0cb0ce667e410, type: 3}
      propertyPath: m_LocalScale.y
      value: 0.010000002
      objectReference: {fileID: 0}
    - target: {fileID: 4000011589390368, guid: d1eded5bbb3e59a41bd0cb0ce667e410, type: 3}
      propertyPath: m_LocalScale.z
      value: 0.010000002
      objectReference: {fileID: 0}
    - target: {fileID: 4000011589390368, guid: d1eded5bbb3e59a41bd0cb0ce667e410, type: 3}
      propertyPath: m_LocalPosition.x
      value: 0.1688715
      objectReference: {fileID: 0}
    - target: {fileID: 4000011589390368, guid: d1eded5bbb3e59a41bd0cb0ce667e410, type: 3}
      propertyPath: m_LocalPosition.y
      value: 0.596503
      objectReference: {fileID: 0}
    - target: {fileID: 4000011589390368, guid: d1eded5bbb3e59a41bd0cb0ce667e410, type: 3}
      propertyPath: m_LocalPosition.z
      value: -0.1820048
      objectReference: {fileID: 0}
    - target: {fileID: 4000011589390368, guid: d1eded5bbb3e59a41bd0cb0ce667e410, type: 3}
      propertyPath: m_LocalRotation.w
      value: 0.5
      objectReference: {fileID: 0}
    - target: {fileID: 4000011589390368, guid: d1eded5bbb3e59a41bd0cb0ce667e410, type: 3}
      propertyPath: m_LocalRotation.x
      value: -0.5
      objectReference: {fileID: 0}
    - target: {fileID: 4000011589390368, guid: d1eded5bbb3e59a41bd0cb0ce667e410, type: 3}
      propertyPath: m_LocalRotation.y
      value: 0.5
      objectReference: {fileID: 0}
    - target: {fileID: 4000011589390368, guid: d1eded5bbb3e59a41bd0cb0ce667e410, type: 3}
      propertyPath: m_LocalRotation.z
      value: -0.5
      objectReference: {fileID: 0}
    - target: {fileID: 4000011589390368, guid: d1eded5bbb3e59a41bd0cb0ce667e410, type: 3}
      propertyPath: m_LocalEulerAnglesHint.x
      value: 0
      objectReference: {fileID: 0}
    - target: {fileID: 4000011589390368, guid: d1eded5bbb3e59a41bd0cb0ce667e410, type: 3}
      propertyPath: m_LocalEulerAnglesHint.y
      value: 90
      objectReference: {fileID: 0}
    - target: {fileID: 4000011589390368, guid: d1eded5bbb3e59a41bd0cb0ce667e410, type: 3}
      propertyPath: m_LocalEulerAnglesHint.z
      value: -90
      objectReference: {fileID: 0}
    - target: {fileID: 59000010279547864, guid: d1eded5bbb3e59a41bd0cb0ce667e410,
        type: 3}
      propertyPath: m_ConnectedAnchor.y
      value: 1.1629448
      objectReference: {fileID: 0}
    - target: {fileID: 59000010531651730, guid: d1eded5bbb3e59a41bd0cb0ce667e410,
        type: 3}
      propertyPath: m_ConnectedAnchor.y
      value: 2.504139
      objectReference: {fileID: 0}
    - target: {fileID: 59000010531651730, guid: d1eded5bbb3e59a41bd0cb0ce667e410,
        type: 3}
      propertyPath: m_ConnectedAnchor.z
      value: 2.6063356
      objectReference: {fileID: 0}
    - target: {fileID: 59000010848502530, guid: d1eded5bbb3e59a41bd0cb0ce667e410,
        type: 3}
      propertyPath: m_ConnectedAnchor.y
      value: 2.0162468
      objectReference: {fileID: 0}
    - target: {fileID: 59000010848502530, guid: d1eded5bbb3e59a41bd0cb0ce667e410,
        type: 3}
      propertyPath: m_ConnectedAnchor.z
      value: 0.7179918
      objectReference: {fileID: 0}
    - target: {fileID: 59000010974192394, guid: d1eded5bbb3e59a41bd0cb0ce667e410,
        type: 3}
      propertyPath: m_ConnectedAnchor.z
      value: 0.73207307
      objectReference: {fileID: 0}
    - target: {fileID: 59000011138864274, guid: d1eded5bbb3e59a41bd0cb0ce667e410,
        type: 3}
      propertyPath: m_ConnectedAnchor.y
      value: 1.1629295
      objectReference: {fileID: 0}
    - target: {fileID: 59000011138864274, guid: d1eded5bbb3e59a41bd0cb0ce667e410,
        type: 3}
      propertyPath: m_ConnectedAnchor.z
      value: -0.83191586
      objectReference: {fileID: 0}
    - target: {fileID: 59000011191201520, guid: d1eded5bbb3e59a41bd0cb0ce667e410,
        type: 3}
      propertyPath: m_ConnectedAnchor.y
      value: 0.99212646
      objectReference: {fileID: 0}
    - target: {fileID: 59000011553166498, guid: d1eded5bbb3e59a41bd0cb0ce667e410,
        type: 3}
      propertyPath: m_ConnectedAnchor.y
      value: 7.525749
      objectReference: {fileID: 0}
    - target: {fileID: 59000011553166498, guid: d1eded5bbb3e59a41bd0cb0ce667e410,
        type: 3}
      propertyPath: m_ConnectedAnchor.z
      value: -3.2914705
      objectReference: {fileID: 0}
    - target: {fileID: 59000011559292340, guid: d1eded5bbb3e59a41bd0cb0ce667e410,
        type: 3}
      propertyPath: m_ConnectedAnchor.y
      value: 1.9917679
      objectReference: {fileID: 0}
    - target: {fileID: 59000011806495194, guid: d1eded5bbb3e59a41bd0cb0ce667e410,
        type: 3}
      propertyPath: m_ConnectedAnchor.y
      value: 0.9399147
      objectReference: {fileID: 0}
    - target: {fileID: 59000011806495194, guid: d1eded5bbb3e59a41bd0cb0ce667e410,
        type: 3}
      propertyPath: m_ConnectedAnchor.z
      value: 0.12471461
      objectReference: {fileID: 0}
    - target: {fileID: 59000011849465696, guid: d1eded5bbb3e59a41bd0cb0ce667e410,
        type: 3}
      propertyPath: m_ConnectedAnchor.y
      value: 2.0794945
      objectReference: {fileID: 0}
    - target: {fileID: 59000011849465696, guid: d1eded5bbb3e59a41bd0cb0ce667e410,
        type: 3}
      propertyPath: m_ConnectedAnchor.z
      value: 0.11290789
      objectReference: {fileID: 0}
    - target: {fileID: 59000011873982450, guid: d1eded5bbb3e59a41bd0cb0ce667e410,
        type: 3}
      propertyPath: m_ConnectedAnchor.y
      value: 1.472065
      objectReference: {fileID: 0}
    - target: {fileID: 59000011873982450, guid: d1eded5bbb3e59a41bd0cb0ce667e410,
        type: 3}
      propertyPath: m_ConnectedAnchor.z
      value: 0.72665787
      objectReference: {fileID: 0}
    - target: {fileID: 59000011883101722, guid: d1eded5bbb3e59a41bd0cb0ce667e410,
        type: 3}
      propertyPath: m_ConnectedAnchor.y
      value: 0.93603134
      objectReference: {fileID: 0}
    - target: {fileID: 59000011883101722, guid: d1eded5bbb3e59a41bd0cb0ce667e410,
        type: 3}
      propertyPath: m_ConnectedAnchor.z
      value: -0.048509598
      objectReference: {fileID: 0}
    - target: {fileID: 59000011914633138, guid: d1eded5bbb3e59a41bd0cb0ce667e410,
        type: 3}
      propertyPath: m_ConnectedAnchor.y
      value: 1.9562302
      objectReference: {fileID: 0}
    - target: {fileID: 59000011914633138, guid: d1eded5bbb3e59a41bd0cb0ce667e410,
        type: 3}
      propertyPath: m_ConnectedAnchor.z
      value: 0.7179756
      objectReference: {fileID: 0}
    - target: {fileID: 59000011926611698, guid: d1eded5bbb3e59a41bd0cb0ce667e410,
        type: 3}
      propertyPath: m_ConnectedAnchor.y
      value: 1.4107704
      objectReference: {fileID: 0}
    - target: {fileID: 59000011926611698, guid: d1eded5bbb3e59a41bd0cb0ce667e410,
        type: 3}
      propertyPath: m_ConnectedAnchor.z
      value: 0.7705128
      objectReference: {fileID: 0}
    - target: {fileID: 59000012018955590, guid: d1eded5bbb3e59a41bd0cb0ce667e410,
        type: 3}
      propertyPath: m_ConnectedAnchor.y
      value: 0.948246
      objectReference: {fileID: 0}
    - target: {fileID: 59000012018955590, guid: d1eded5bbb3e59a41bd0cb0ce667e410,
        type: 3}
      propertyPath: m_ConnectedAnchor.z
      value: 0.062357426
      objectReference: {fileID: 0}
    - target: {fileID: 59000012228147756, guid: d1eded5bbb3e59a41bd0cb0ce667e410,
        type: 3}
      propertyPath: m_ConnectedAnchor.z
      value: -1.4873233
      objectReference: {fileID: 0}
    - target: {fileID: 59000012236525462, guid: d1eded5bbb3e59a41bd0cb0ce667e410,
        type: 3}
      propertyPath: m_ConnectedAnchor.y
      value: 0.14553452
      objectReference: {fileID: 0}
    - target: {fileID: 59000012530430692, guid: d1eded5bbb3e59a41bd0cb0ce667e410,
        type: 3}
      propertyPath: m_ConnectedAnchor.y
      value: 1.4677773
      objectReference: {fileID: 0}
    - target: {fileID: 59000012530430692, guid: d1eded5bbb3e59a41bd0cb0ce667e410,
        type: 3}
      propertyPath: m_ConnectedAnchor.z
      value: 0.5314646
      objectReference: {fileID: 0}
    - target: {fileID: 59000013105347308, guid: d1eded5bbb3e59a41bd0cb0ce667e410,
        type: 3}
      propertyPath: m_ConnectedAnchor.y
      value: 0.32107544
      objectReference: {fileID: 0}
    - target: {fileID: 59000013105347308, guid: d1eded5bbb3e59a41bd0cb0ce667e410,
        type: 3}
      propertyPath: m_ConnectedAnchor.z
      value: 0.9122114
      objectReference: {fileID: 0}
    - target: {fileID: 59000013162100290, guid: d1eded5bbb3e59a41bd0cb0ce667e410,
        type: 3}
      propertyPath: m_ConnectedAnchor.y
      value: 0.9324684
      objectReference: {fileID: 0}
    - target: {fileID: 59000013162100290, guid: d1eded5bbb3e59a41bd0cb0ce667e410,
        type: 3}
      propertyPath: m_ConnectedAnchor.z
      value: -0.10676193
      objectReference: {fileID: 0}
    - target: {fileID: 59000013271406332, guid: d1eded5bbb3e59a41bd0cb0ce667e410,
        type: 3}
      propertyPath: m_ConnectedAnchor.y
      value: 9.459765
      objectReference: {fileID: 0}
    - target: {fileID: 59000013271406332, guid: d1eded5bbb3e59a41bd0cb0ce667e410,
        type: 3}
      propertyPath: m_ConnectedAnchor.z
      value: 0.000035762787
      objectReference: {fileID: 0}
    - target: {fileID: 59000013380829674, guid: d1eded5bbb3e59a41bd0cb0ce667e410,
        type: 3}
      propertyPath: m_ConnectedAnchor.z
      value: -3.2572331
      objectReference: {fileID: 0}
    - target: {fileID: 59000013555555274, guid: d1eded5bbb3e59a41bd0cb0ce667e410,
        type: 3}
      propertyPath: m_ConnectedAnchor.y
      value: -0.37621307
      objectReference: {fileID: 0}
    - target: {fileID: 59000013555555274, guid: d1eded5bbb3e59a41bd0cb0ce667e410,
        type: 3}
      propertyPath: m_ConnectedAnchor.z
      value: -0.5554316
      objectReference: {fileID: 0}
    - target: {fileID: 59000013632978558, guid: d1eded5bbb3e59a41bd0cb0ce667e410,
        type: 3}
      propertyPath: m_ConnectedAnchor.y
      value: 1.1629486
      objectReference: {fileID: 0}
    - target: {fileID: 59000013716999574, guid: d1eded5bbb3e59a41bd0cb0ce667e410,
        type: 3}
      propertyPath: m_ConnectedAnchor.y
      value: 3.8436546
      objectReference: {fileID: 0}
    - target: {fileID: 59000013737409206, guid: d1eded5bbb3e59a41bd0cb0ce667e410,
        type: 3}
      propertyPath: m_ConnectedAnchor.y
      value: 1.9562302
      objectReference: {fileID: 0}
    - target: {fileID: 59000013737409206, guid: d1eded5bbb3e59a41bd0cb0ce667e410,
        type: 3}
      propertyPath: m_ConnectedAnchor.z
      value: 0.95036983
      objectReference: {fileID: 0}
    - target: {fileID: 59000013743927412, guid: d1eded5bbb3e59a41bd0cb0ce667e410,
        type: 3}
      propertyPath: m_ConnectedAnchor.y
      value: 1.2345619
      objectReference: {fileID: 0}
    - target: {fileID: 59000013743927412, guid: d1eded5bbb3e59a41bd0cb0ce667e410,
        type: 3}
      propertyPath: m_ConnectedAnchor.z
      value: -1.0576861
      objectReference: {fileID: 0}
    m_RemovedComponents: []
  m_SourcePrefab: {fileID: 100100000, guid: d1eded5bbb3e59a41bd0cb0ce667e410, type: 3}
--- !u!1 &1317387879
GameObject:
  m_ObjectHideFlags: 0
  m_CorrespondingSourceObject: {fileID: 0}
  m_PrefabInstance: {fileID: 0}
  m_PrefabAsset: {fileID: 0}
  serializedVersion: 6
  m_Component:
  - component: {fileID: 1317387880}
  m_Layer: 0
  m_Name: MPLWristDisarticulationCalibrator
  m_TagString: Untagged
  m_Icon: {fileID: 0}
  m_NavMeshLayer: 0
  m_StaticEditorFlags: 0
  m_IsActive: 1
--- !u!4 &1317387880
Transform:
  m_ObjectHideFlags: 0
  m_CorrespondingSourceObject: {fileID: 0}
  m_PrefabInstance: {fileID: 0}
  m_PrefabAsset: {fileID: 0}
  m_GameObject: {fileID: 1317387879}
  m_LocalRotation: {x: 0, y: 0, z: 0, w: 1}
  m_LocalPosition: {x: 0.1829, y: 0.627, z: 0.317}
  m_LocalScale: {x: 0.05, y: 0.05, z: 0.05}
  m_Children: []
  m_Father: {fileID: 1535106362}
  m_RootOrder: 2
  m_LocalEulerAnglesHint: {x: 0, y: 0, z: 0}
--- !u!1 &1321616870 stripped
GameObject:
  m_CorrespondingSourceObject: {fileID: 1000013228596172, guid: d1eded5bbb3e59a41bd0cb0ce667e410,
    type: 3}
  m_PrefabInstance: {fileID: 1309338192}
  m_PrefabAsset: {fileID: 0}
--- !u!114 &1321616877
MonoBehaviour:
  m_ObjectHideFlags: 0
  m_CorrespondingSourceObject: {fileID: 0}
  m_PrefabInstance: {fileID: 0}
  m_PrefabAsset: {fileID: 0}
  m_GameObject: {fileID: 1321616870}
  m_Enabled: 1
  m_EditorHideFlags: 0
  m_Script: {fileID: 11500000, guid: d6809a5d4dc9c9f458b0c1a8e76eb121, type: 3}
  m_Name: 
  m_EditorClassIdentifier: 
  m_id: rLittleMedial
--- !u!1 &1352198208 stripped
GameObject:
  m_CorrespondingSourceObject: {fileID: 1000010107355342, guid: d1eded5bbb3e59a41bd0cb0ce667e410,
    type: 3}
  m_PrefabInstance: {fileID: 1309338192}
  m_PrefabAsset: {fileID: 0}
--- !u!114 &1352198214
MonoBehaviour:
  m_ObjectHideFlags: 0
  m_CorrespondingSourceObject: {fileID: 0}
  m_PrefabInstance: {fileID: 0}
  m_PrefabAsset: {fileID: 0}
  m_GameObject: {fileID: 1352198208}
  m_Enabled: 1
  m_EditorHideFlags: 0
  m_Script: {fileID: 11500000, guid: d6809a5d4dc9c9f458b0c1a8e76eb121, type: 3}
  m_Name: 
  m_EditorClassIdentifier: 
  m_id: rMidMetaCarpal
--- !u!1 &1399551498 stripped
GameObject:
  m_CorrespondingSourceObject: {fileID: 1000011525691182, guid: d1eded5bbb3e59a41bd0cb0ce667e410,
    type: 3}
  m_PrefabInstance: {fileID: 1309338192}
  m_PrefabAsset: {fileID: 0}
--- !u!114 &1399551505
MonoBehaviour:
  m_ObjectHideFlags: 0
  m_CorrespondingSourceObject: {fileID: 0}
  m_PrefabInstance: {fileID: 0}
  m_PrefabAsset: {fileID: 0}
  m_GameObject: {fileID: 1399551498}
  m_Enabled: 1
  m_EditorHideFlags: 0
  m_Script: {fileID: 11500000, guid: d6809a5d4dc9c9f458b0c1a8e76eb121, type: 3}
  m_Name: 
  m_EditorClassIdentifier: 
  m_id: rHumeralRotator_Elbow
--- !u!1 &1401040625
GameObject:
  m_ObjectHideFlags: 0
  m_CorrespondingSourceObject: {fileID: 0}
  m_PrefabInstance: {fileID: 0}
  m_PrefabAsset: {fileID: 0}
  serializedVersion: 6
  m_Component:
  - component: {fileID: 1401040626}
  - component: {fileID: 1401040627}
  m_Layer: 0
  m_Name: ConfigurationScripts
  m_TagString: Untagged
  m_Icon: {fileID: 0}
  m_NavMeshLayer: 0
  m_StaticEditorFlags: 0
  m_IsActive: 1
--- !u!4 &1401040626
Transform:
  m_ObjectHideFlags: 0
  m_CorrespondingSourceObject: {fileID: 0}
  m_PrefabInstance: {fileID: 0}
  m_PrefabAsset: {fileID: 0}
  m_GameObject: {fileID: 1401040625}
  m_LocalRotation: {x: 0, y: 0, z: 0, w: 1}
  m_LocalPosition: {x: 0.31605166, y: -0.25312033, z: 0.43730277}
  m_LocalScale: {x: 1, y: 1, z: 1}
  m_Children: []
  m_Father: {fileID: 0}
  m_RootOrder: 6
  m_LocalEulerAnglesHint: {x: 0, y: 0, z: 0}
--- !u!114 &1401040627
MonoBehaviour:
  m_ObjectHideFlags: 0
  m_CorrespondingSourceObject: {fileID: 0}
  m_PrefabInstance: {fileID: 0}
  m_PrefabAsset: {fileID: 0}
  m_GameObject: {fileID: 1401040625}
  m_Enabled: 1
  m_EditorHideFlags: 0
  m_Script: {fileID: 11500000, guid: d4a1fd0f4aab9bc4ab8ded39c39b2353, type: 3}
  m_Name: 
  m_EditorClassIdentifier: 
  amputation: 3
--- !u!1 &1423400454 stripped
GameObject:
  m_CorrespondingSourceObject: {fileID: 1000010034284152, guid: d1eded5bbb3e59a41bd0cb0ce667e410,
    type: 3}
  m_PrefabInstance: {fileID: 1309338192}
  m_PrefabAsset: {fileID: 0}
--- !u!114 &1423400459
MonoBehaviour:
  m_ObjectHideFlags: 0
  m_CorrespondingSourceObject: {fileID: 0}
  m_PrefabInstance: {fileID: 0}
  m_PrefabAsset: {fileID: 0}
  m_GameObject: {fileID: 1423400454}
  m_Enabled: 1
  m_EditorHideFlags: 0
  m_Script: {fileID: 11500000, guid: d6809a5d4dc9c9f458b0c1a8e76eb121, type: 3}
  m_Name: 
  m_EditorClassIdentifier: 
  m_id: rThDistal
--- !u!1 &1426951955 stripped
GameObject:
  m_CorrespondingSourceObject: {fileID: 1000010534496106, guid: d1eded5bbb3e59a41bd0cb0ce667e410,
    type: 3}
  m_PrefabInstance: {fileID: 1309338192}
  m_PrefabAsset: {fileID: 0}
--- !u!114 &1426951962
MonoBehaviour:
  m_ObjectHideFlags: 0
  m_CorrespondingSourceObject: {fileID: 0}
  m_PrefabInstance: {fileID: 0}
  m_PrefabAsset: {fileID: 0}
  m_GameObject: {fileID: 1426951955}
  m_Enabled: 1
  m_EditorHideFlags: 0
  m_Script: {fileID: 11500000, guid: d6809a5d4dc9c9f458b0c1a8e76eb121, type: 3}
  m_Name: 
  m_EditorClassIdentifier: 
  m_id: rLittleProximal
--- !u!1 &1456430002 stripped
GameObject:
  m_CorrespondingSourceObject: {fileID: 1000013887076168, guid: d1eded5bbb3e59a41bd0cb0ce667e410,
    type: 3}
  m_PrefabInstance: {fileID: 1309338192}
  m_PrefabAsset: {fileID: 0}
--- !u!114 &1456430008
MonoBehaviour:
  m_ObjectHideFlags: 0
  m_CorrespondingSourceObject: {fileID: 0}
  m_PrefabInstance: {fileID: 0}
  m_PrefabAsset: {fileID: 0}
  m_GameObject: {fileID: 1456430002}
  m_Enabled: 1
  m_EditorHideFlags: 0
  m_Script: {fileID: 11500000, guid: d6809a5d4dc9c9f458b0c1a8e76eb121, type: 3}
  m_Name: 
  m_EditorClassIdentifier: 
  m_id: rPlanetaryAsm
--- !u!1 &1535106361
GameObject:
  m_ObjectHideFlags: 0
  m_CorrespondingSourceObject: {fileID: 0}
  m_PrefabInstance: {fileID: 0}
  m_PrefabAsset: {fileID: 0}
  serializedVersion: 6
  m_Component:
  - component: {fileID: 1535106362}
  m_Layer: 0
  m_Name: MPLCalibrators
  m_TagString: Untagged
  m_Icon: {fileID: 0}
  m_NavMeshLayer: 0
  m_StaticEditorFlags: 0
  m_IsActive: 1
--- !u!4 &1535106362
Transform:
  m_ObjectHideFlags: 0
  m_CorrespondingSourceObject: {fileID: 0}
  m_PrefabInstance: {fileID: 0}
  m_PrefabAsset: {fileID: 0}
  m_GameObject: {fileID: 1535106361}
  m_LocalRotation: {x: 0, y: 0, z: 0, w: 1}
  m_LocalPosition: {x: 0, y: 0, z: 0}
  m_LocalScale: {x: 1, y: 1, z: 1}
  m_Children:
  - {fileID: 1036673027}
  - {fileID: 70444108}
  - {fileID: 1317387880}
  - {fileID: 1892466932}
  m_Father: {fileID: 0}
  m_RootOrder: 9
  m_LocalEulerAnglesHint: {x: 0, y: 0, z: 0}
--- !u!1 &1556829368 stripped
GameObject:
  m_CorrespondingSourceObject: {fileID: 1000010852266818, guid: d1eded5bbb3e59a41bd0cb0ce667e410,
    type: 3}
  m_PrefabInstance: {fileID: 1309338192}
  m_PrefabAsset: {fileID: 0}
--- !u!114 &1556829375
MonoBehaviour:
  m_ObjectHideFlags: 0
  m_CorrespondingSourceObject: {fileID: 0}
  m_PrefabInstance: {fileID: 0}
  m_PrefabAsset: {fileID: 0}
  m_GameObject: {fileID: 1556829368}
  m_Enabled: 1
  m_EditorHideFlags: 0
  m_Script: {fileID: 11500000, guid: d6809a5d4dc9c9f458b0c1a8e76eb121, type: 3}
  m_Name: 
  m_EditorClassIdentifier: 
  m_id: rShoulderFlexAssembly
--- !u!1 &1624500928 stripped
GameObject:
  m_CorrespondingSourceObject: {fileID: 1000013829991202, guid: d1eded5bbb3e59a41bd0cb0ce667e410,
    type: 3}
  m_PrefabInstance: {fileID: 1309338192}
  m_PrefabAsset: {fileID: 0}
--- !u!114 &1624500935
MonoBehaviour:
  m_ObjectHideFlags: 0
  m_CorrespondingSourceObject: {fileID: 0}
  m_PrefabInstance: {fileID: 0}
  m_PrefabAsset: {fileID: 0}
  m_GameObject: {fileID: 1624500928}
  m_Enabled: 1
  m_EditorHideFlags: 0
  m_Script: {fileID: 11500000, guid: d6809a5d4dc9c9f458b0c1a8e76eb121, type: 3}
  m_Name: 
  m_EditorClassIdentifier: 
  m_id: rIndProximal
--- !u!1 &1639417334 stripped
GameObject:
  m_CorrespondingSourceObject: {fileID: 1000011077842662, guid: d1eded5bbb3e59a41bd0cb0ce667e410,
    type: 3}
  m_PrefabInstance: {fileID: 1309338192}
  m_PrefabAsset: {fileID: 0}
--- !u!114 &1639417340
MonoBehaviour:
  m_ObjectHideFlags: 0
  m_CorrespondingSourceObject: {fileID: 0}
  m_PrefabInstance: {fileID: 0}
  m_PrefabAsset: {fileID: 0}
  m_GameObject: {fileID: 1639417334}
  m_Enabled: 1
  m_EditorHideFlags: 0
  m_Script: {fileID: 11500000, guid: d6809a5d4dc9c9f458b0c1a8e76eb121, type: 3}
  m_Name: 
  m_EditorClassIdentifier: 
  m_id: rLittleDistal
--- !u!1001 &1715308603
PrefabInstance:
  m_ObjectHideFlags: 0
  serializedVersion: 2
  m_Modification:
    m_TransformParent: {fileID: 0}
    m_Modifications:
    - target: {fileID: 1000010113653518, guid: 83aae98f19433bf44bb2613869ec2b6c, type: 3}
      propertyPath: m_Name
      value: Table
      objectReference: {fileID: 0}
    - target: {fileID: 4000012531075890, guid: 83aae98f19433bf44bb2613869ec2b6c, type: 3}
      propertyPath: m_RootOrder
      value: 4
      objectReference: {fileID: 0}
    - target: {fileID: 4000012531075890, guid: 83aae98f19433bf44bb2613869ec2b6c, type: 3}
      propertyPath: m_LocalPosition.x
      value: 1.25
      objectReference: {fileID: 0}
    - target: {fileID: 4000012531075890, guid: 83aae98f19433bf44bb2613869ec2b6c, type: 3}
      propertyPath: m_LocalPosition.y
      value: -1.3
      objectReference: {fileID: 0}
    - target: {fileID: 4000012531075890, guid: 83aae98f19433bf44bb2613869ec2b6c, type: 3}
      propertyPath: m_LocalPosition.z
      value: 1.18
      objectReference: {fileID: 0}
    - target: {fileID: 4000012531075890, guid: 83aae98f19433bf44bb2613869ec2b6c, type: 3}
      propertyPath: m_LocalRotation.w
      value: 0.7071068
      objectReference: {fileID: 0}
    - target: {fileID: 4000012531075890, guid: 83aae98f19433bf44bb2613869ec2b6c, type: 3}
      propertyPath: m_LocalRotation.x
      value: -0.7071068
      objectReference: {fileID: 0}
    - target: {fileID: 4000012531075890, guid: 83aae98f19433bf44bb2613869ec2b6c, type: 3}
      propertyPath: m_LocalRotation.y
      value: 0
      objectReference: {fileID: 0}
    - target: {fileID: 4000012531075890, guid: 83aae98f19433bf44bb2613869ec2b6c, type: 3}
      propertyPath: m_LocalRotation.z
      value: 0
      objectReference: {fileID: 0}
    - target: {fileID: 4000012531075890, guid: 83aae98f19433bf44bb2613869ec2b6c, type: 3}
      propertyPath: m_LocalEulerAnglesHint.x
      value: -90
      objectReference: {fileID: 0}
    - target: {fileID: 4000012531075890, guid: 83aae98f19433bf44bb2613869ec2b6c, type: 3}
      propertyPath: m_LocalEulerAnglesHint.y
      value: 0
      objectReference: {fileID: 0}
    - target: {fileID: 4000012531075890, guid: 83aae98f19433bf44bb2613869ec2b6c, type: 3}
      propertyPath: m_LocalEulerAnglesHint.z
      value: 0
      objectReference: {fileID: 0}
    m_RemovedComponents: []
  m_SourcePrefab: {fileID: 100100000, guid: 83aae98f19433bf44bb2613869ec2b6c, type: 3}
--- !u!1 &1766653136
GameObject:
  m_ObjectHideFlags: 0
  m_CorrespondingSourceObject: {fileID: 0}
  m_PrefabInstance: {fileID: 0}
  m_PrefabAsset: {fileID: 0}
  serializedVersion: 6
  m_Component:
  - component: {fileID: 1766653137}
  - component: {fileID: 1766653138}
  - component: {fileID: 1766653139}
  m_Layer: 0
  m_Name: Sphere
  m_TagString: Untagged
  m_Icon: {fileID: 0}
  m_NavMeshLayer: 0
  m_StaticEditorFlags: 0
  m_IsActive: 1
--- !u!4 &1766653137
Transform:
  m_ObjectHideFlags: 0
  m_CorrespondingSourceObject: {fileID: 0}
  m_PrefabInstance: {fileID: 0}
  m_PrefabAsset: {fileID: 0}
  m_GameObject: {fileID: 1766653136}
  m_LocalRotation: {x: 0, y: 0, z: 0, w: 1}
  m_LocalPosition: {x: -0.897, y: -0.26, z: 0.7940003}
  m_LocalScale: {x: 1, y: 1, z: 1}
  m_Children:
  - {fileID: 914008367}
  m_Father: {fileID: 1185176209}
  m_RootOrder: 2
  m_LocalEulerAnglesHint: {x: 0, y: 0, z: 0}
--- !u!135 &1766653138
SphereCollider:
  m_ObjectHideFlags: 0
  m_CorrespondingSourceObject: {fileID: 0}
  m_PrefabInstance: {fileID: 0}
  m_PrefabAsset: {fileID: 0}
  m_GameObject: {fileID: 1766653136}
  m_Material: {fileID: 0}
  m_IsTrigger: 1
  m_Enabled: 1
  serializedVersion: 2
  m_Radius: 0.046
  m_Center: {x: 0, y: 0, z: 0}
--- !u!114 &1766653139
MonoBehaviour:
  m_ObjectHideFlags: 0
  m_CorrespondingSourceObject: {fileID: 0}
  m_PrefabInstance: {fileID: 0}
  m_PrefabAsset: {fileID: 0}
  m_GameObject: {fileID: 1766653136}
  m_Enabled: 1
  m_EditorHideFlags: 0
  m_Script: {fileID: 11500000, guid: 59516bbc2640a25498fec884b302c951, type: 3}
  m_Name: 
  m_EditorClassIdentifier: 
  GraspingSphere: 0
  norm_diff_cld: 0
  collision: 0
  debugText: {fileID: 178522072}
  topArbiter: {fileID: 52400179}
  palm: {fileID: 1250651776}
--- !u!1 &1892466931
GameObject:
  m_ObjectHideFlags: 0
  m_CorrespondingSourceObject: {fileID: 0}
  m_PrefabInstance: {fileID: 0}
  m_PrefabAsset: {fileID: 0}
  serializedVersion: 6
  m_Component:
  - component: {fileID: 1892466932}
  m_Layer: 0
  m_Name: MPLShoulderDisarticulationCalibrator
  m_TagString: Untagged
  m_Icon: {fileID: 0}
  m_NavMeshLayer: 0
  m_StaticEditorFlags: 0
  m_IsActive: 1
--- !u!4 &1892466932
Transform:
  m_ObjectHideFlags: 0
  m_CorrespondingSourceObject: {fileID: 0}
  m_PrefabInstance: {fileID: 0}
  m_PrefabAsset: {fileID: 0}
  m_GameObject: {fileID: 1892466931}
  m_LocalRotation: {x: 0, y: 0, z: 0, w: 1}
  m_LocalPosition: {x: 0.166, y: 0.563, z: -0.183}
  m_LocalScale: {x: 1, y: 1, z: 1}
  m_Children: []
  m_Father: {fileID: 1535106362}
  m_RootOrder: 3
  m_LocalEulerAnglesHint: {x: 0, y: 0, z: 0}
--- !u!1 &1893225903 stripped
GameObject:
  m_CorrespondingSourceObject: {fileID: 1000012538235420, guid: d1eded5bbb3e59a41bd0cb0ce667e410,
    type: 3}
  m_PrefabInstance: {fileID: 1309338192}
  m_PrefabAsset: {fileID: 0}
--- !u!114 &1893225909
MonoBehaviour:
  m_ObjectHideFlags: 0
  m_CorrespondingSourceObject: {fileID: 0}
  m_PrefabInstance: {fileID: 0}
  m_PrefabAsset: {fileID: 0}
  m_GameObject: {fileID: 1893225903}
  m_Enabled: 1
  m_EditorHideFlags: 0
  m_Script: {fileID: 11500000, guid: d6809a5d4dc9c9f458b0c1a8e76eb121, type: 3}
  m_Name: 
  m_EditorClassIdentifier: 
  m_id: rMidDistal
--- !u!1 &1950463457
GameObject:
  m_ObjectHideFlags: 0
  m_CorrespondingSourceObject: {fileID: 0}
  m_PrefabInstance: {fileID: 0}
  m_PrefabAsset: {fileID: 0}
  serializedVersion: 6
  m_Component:
  - component: {fileID: 1950463463}
  - component: {fileID: 1950463462}
  - component: {fileID: 1950463461}
  - component: {fileID: 1950463460}
  - component: {fileID: 1950463459}
  - component: {fileID: 1950463458}
  - component: {fileID: 1950463464}
  m_Layer: 0
  m_Name: TrackerMPL
  m_TagString: Untagged
  m_Icon: {fileID: 0}
  m_NavMeshLayer: 0
  m_StaticEditorFlags: 0
  m_IsActive: 1
--- !u!114 &1950463458
MonoBehaviour:
  m_ObjectHideFlags: 0
  m_CorrespondingSourceObject: {fileID: 0}
  m_PrefabInstance: {fileID: 0}
  m_PrefabAsset: {fileID: 0}
  m_GameObject: {fileID: 1950463457}
  m_Enabled: 0
  m_EditorHideFlags: 0
  m_Script: {fileID: 11500000, guid: 956af6ee031a2eb47b9c0ab5dcd50fd7, type: 3}
  m_Name: 
  m_EditorClassIdentifier: 
  updateLinkedTransform: 0
  moveLerpTime: 0.1
  rotateLerpTime: 0.1
  scaleLerpTime: 0
  maintainScale: 1
  smoothing: 1
  lifetime: 0
  safeZone: 0
  safeZoneBuffer: 0.1
  updateWhenOppositeHandNear: 0
  hideHandCursorsOnActivate: 1
  rotationBehavior: 2
  offsetBehavior: 0
  forwardOffset: 0
  safeZoneAngleOffset: 0
  onHandActivate:
    m_PersistentCalls:
      m_Calls: []
  onHandDeactivate:
    m_PersistentCalls:
      m_Calls: []
  onFirstHandDetected:
    m_PersistentCalls:
      m_Calls: []
  onLastHandLost:
    m_PersistentCalls:
      m_Calls: []
  facingCameraTrackingThreshold: 75
  requireFlatHand: 0
  flatHandThreshold: 45
  followHandUntilFacingCamera: 0
  followHandCameraFacingThresholdAngle: 60
  useGazeActivation: 0
  eyeGazeProximityThreshold: 0.01
  headGazeProximityThreshold: 0.04
--- !u!114 &1950463459
MonoBehaviour:
  m_ObjectHideFlags: 0
  m_CorrespondingSourceObject: {fileID: 0}
  m_PrefabInstance: {fileID: 0}
  m_PrefabAsset: {fileID: 0}
  m_GameObject: {fileID: 1950463457}
  m_Enabled: 1
  m_EditorHideFlags: 0
  m_Script: {fileID: 11500000, guid: 248664dc0e60dca4fb35d70cd0c5695b, type: 3}
  m_Name: 
  m_EditorClassIdentifier: 
  drawBoundsGizmo: 1
  drawLocalBoundsGizmo: 0
--- !u!114 &1950463460
MonoBehaviour:
  m_ObjectHideFlags: 0
  m_CorrespondingSourceObject: {fileID: 0}
  m_PrefabInstance: {fileID: 0}
  m_PrefabAsset: {fileID: 0}
  m_GameObject: {fileID: 1950463457}
  m_Enabled: 1
  m_EditorHideFlags: 0
  m_Script: {fileID: 11500000, guid: b55691ad5b034fe6966763a6e23818d2, type: 3}
  m_Name: 
  m_EditorClassIdentifier: 
  trackedTargetType: 6
  trackedHandness: 2
  trackedHandJoint: 2
  transformOverride: {fileID: 0}
  additionalOffset: {x: 0, y: 0, z: 0}
  additionalRotation: {x: 0, y: 0, z: 0}
  updateSolvers: 1
--- !u!23 &1950463461
MeshRenderer:
  m_ObjectHideFlags: 0
  m_CorrespondingSourceObject: {fileID: 0}
  m_PrefabInstance: {fileID: 0}
  m_PrefabAsset: {fileID: 0}
  m_GameObject: {fileID: 1950463457}
  m_Enabled: 0
  m_CastShadows: 1
  m_ReceiveShadows: 1
  m_DynamicOccludee: 1
  m_MotionVectors: 1
  m_LightProbeUsage: 1
  m_ReflectionProbeUsage: 1
  m_RayTracingMode: 2
  m_RenderingLayerMask: 1
  m_RendererPriority: 0
  m_Materials:
  - {fileID: 2100000, guid: e78dc8585dd474e4d9c74a8531999648, type: 2}
  m_StaticBatchInfo:
    firstSubMesh: 0
    subMeshCount: 0
  m_StaticBatchRoot: {fileID: 0}
  m_ProbeAnchor: {fileID: 0}
  m_LightProbeVolumeOverride: {fileID: 0}
  m_ScaleInLightmap: 1
  m_ReceiveGI: 1
  m_PreserveUVs: 0
  m_IgnoreNormalsForChartDetection: 0
  m_ImportantGI: 0
  m_StitchLightmapSeams: 1
  m_SelectedEditorRenderState: 3
  m_MinimumChartSize: 4
  m_AutoUVMaxDistance: 0.5
  m_AutoUVMaxAngle: 89
  m_LightmapParameters: {fileID: 0}
  m_SortingLayerID: 0
  m_SortingLayer: 0
  m_SortingOrder: 0
--- !u!33 &1950463462
MeshFilter:
  m_ObjectHideFlags: 0
  m_CorrespondingSourceObject: {fileID: 0}
  m_PrefabInstance: {fileID: 0}
  m_PrefabAsset: {fileID: 0}
  m_GameObject: {fileID: 1950463457}
  m_Mesh: {fileID: 10202, guid: 0000000000000000e000000000000000, type: 0}
--- !u!4 &1950463463
Transform:
  m_ObjectHideFlags: 0
  m_CorrespondingSourceObject: {fileID: 0}
  m_PrefabInstance: {fileID: 0}
  m_PrefabAsset: {fileID: 0}
  m_GameObject: {fileID: 1950463457}
  m_LocalRotation: {x: 0, y: 0, z: 0, w: 1}
  m_LocalPosition: {x: 0, y: 0, z: 0}
  m_LocalScale: {x: 0.05, y: 0.05, z: 0.05}
  m_Children: []
  m_Father: {fileID: 0}
  m_RootOrder: 10
  m_LocalEulerAnglesHint: {x: 0, y: 0, z: 0}
--- !u!114 &1950463464
MonoBehaviour:
  m_ObjectHideFlags: 0
  m_CorrespondingSourceObject: {fileID: 0}
  m_PrefabInstance: {fileID: 0}
  m_PrefabAsset: {fileID: 0}
  m_GameObject: {fileID: 1950463457}
  m_Enabled: 1
  m_EditorHideFlags: 0
  m_Script: {fileID: 11500000, guid: e6dd43f06873cf8408515860553aefb0, type: 3}
  m_Name: 
  m_EditorClassIdentifier: 
  updateLinkedTransform: 0
  moveLerpTime: 0.1
  rotateLerpTime: 0.1
  scaleLerpTime: 0
  maintainScale: 1
  smoothing: 1
  lifetime: 0
  safeZone: 0
  safeZoneBuffer: 0.15
  updateWhenOppositeHandNear: 0
  hideHandCursorsOnActivate: 1
  rotationBehavior: 2
  offsetBehavior: 0
  forwardOffset: 0
  safeZoneAngleOffset: 0
  onHandActivate:
    m_PersistentCalls:
      m_Calls: []
  onHandDeactivate:
    m_PersistentCalls:
      m_Calls: []
  onFirstHandDetected:
    m_PersistentCalls:
      m_Calls: []
  onLastHandLost:
    m_PersistentCalls:
      m_Calls: []
--- !u!1 &1964350297
GameObject:
  m_ObjectHideFlags: 0
  m_CorrespondingSourceObject: {fileID: 0}
  m_PrefabInstance: {fileID: 0}
  m_PrefabAsset: {fileID: 0}
  serializedVersion: 6
  m_Component:
  - component: {fileID: 1964350299}
  - component: {fileID: 1964350298}
  - component: {fileID: 1964350301}
  - component: {fileID: 1964350300}
  m_Layer: 0
  m_Name: VIESYS
  m_TagString: Untagged
  m_Icon: {fileID: 0}
  m_NavMeshLayer: 0
  m_StaticEditorFlags: 0
  m_IsActive: 1
--- !u!114 &1964350298
MonoBehaviour:
  m_ObjectHideFlags: 0
  m_CorrespondingSourceObject: {fileID: 0}
  m_PrefabInstance: {fileID: 0}
  m_PrefabAsset: {fileID: 0}
  m_GameObject: {fileID: 1964350297}
  m_Enabled: 1
  m_EditorHideFlags: 0
  m_Script: {fileID: 11500000, guid: 6f98371d55312424690d1455687786ba, type: 3}
  m_Name: 
  m_EditorClassIdentifier: 
  m_haveRightMPL: 1
  m_haveLeftMPL: 0
  m_logRightPerceptsEnabled: 1
  m_logLeftPerceptsEnabled: 1
  f_Damping: 0
  b_Gravity: 0
--- !u!4 &1964350299
Transform:
  m_ObjectHideFlags: 0
  m_CorrespondingSourceObject: {fileID: 0}
  m_PrefabInstance: {fileID: 0}
  m_PrefabAsset: {fileID: 0}
  m_GameObject: {fileID: 1964350297}
  m_LocalRotation: {x: 0, y: 0, z: 0, w: 1}
  m_LocalPosition: {x: 0.31605166, y: -0.25312033, z: 0.43730277}
  m_LocalScale: {x: 1, y: 1, z: 1}
  m_Children: []
  m_Father: {fileID: 0}
  m_RootOrder: 7
  m_LocalEulerAnglesHint: {x: 0, y: 0, z: 0}
--- !u!114 &1964350300
MonoBehaviour:
  m_ObjectHideFlags: 0
  m_CorrespondingSourceObject: {fileID: 0}
  m_PrefabInstance: {fileID: 0}
  m_PrefabAsset: {fileID: 0}
  m_GameObject: {fileID: 1964350297}
  m_Enabled: 1
  m_EditorHideFlags: 0
  m_Script: {fileID: 11500000, guid: 61c78c9a669032d4aa98a51db1c7af20, type: 3}
  m_Name: 
  m_EditorClassIdentifier: 
--- !u!114 &1964350301
MonoBehaviour:
  m_ObjectHideFlags: 0
  m_CorrespondingSourceObject: {fileID: 0}
  m_PrefabInstance: {fileID: 0}
  m_PrefabAsset: {fileID: 0}
  m_GameObject: {fileID: 1964350297}
  m_Enabled: 1
  m_EditorHideFlags: 0
  m_Script: {fileID: 11500000, guid: 0ac2924b5eb760a48a559f1d65b79d9f, type: 3}
  m_Name: 
  m_EditorClassIdentifier: 
--- !u!1 &1993300223 stripped
GameObject:
  m_CorrespondingSourceObject: {fileID: 1000010367113440, guid: d1eded5bbb3e59a41bd0cb0ce667e410,
    type: 3}
  m_PrefabInstance: {fileID: 1309338192}
  m_PrefabAsset: {fileID: 0}
--- !u!114 &1993300230
MonoBehaviour:
  m_ObjectHideFlags: 0
  m_CorrespondingSourceObject: {fileID: 0}
  m_PrefabInstance: {fileID: 0}
  m_PrefabAsset: {fileID: 0}
  m_GameObject: {fileID: 1993300223}
  m_Enabled: 1
  m_EditorHideFlags: 0
  m_Script: {fileID: 11500000, guid: d6809a5d4dc9c9f458b0c1a8e76eb121, type: 3}
  m_Name: 
  m_EditorClassIdentifier: 
  m_id: rWristShell
--- !u!1 &2012998033
GameObject:
  m_ObjectHideFlags: 0
  m_CorrespondingSourceObject: {fileID: 0}
  m_PrefabInstance: {fileID: 0}
  m_PrefabAsset: {fileID: 0}
  serializedVersion: 6
  m_Component:
  - component: {fileID: 2012998034}
  - component: {fileID: 2012998037}
  - component: {fileID: 2012998036}
  - component: {fileID: 2012998035}
  m_Layer: 0
  m_Name: Text2 (TMP)
  m_TagString: Untagged
  m_Icon: {fileID: 0}
  m_NavMeshLayer: 0
  m_StaticEditorFlags: 0
  m_IsActive: 1
--- !u!224 &2012998034
RectTransform:
  m_ObjectHideFlags: 0
  m_CorrespondingSourceObject: {fileID: 0}
  m_PrefabInstance: {fileID: 0}
  m_PrefabAsset: {fileID: 0}
  m_GameObject: {fileID: 2012998033}
  m_LocalRotation: {x: 0, y: 0, z: 0, w: 1}
  m_LocalPosition: {x: 0, y: 0, z: 0.809}
  m_LocalScale: {x: 0.1, y: 0.1, z: 0.1}
  m_Children: []
  m_Father: {fileID: 963194228}
  m_RootOrder: 1
  m_LocalEulerAnglesHint: {x: 0, y: 0, z: 0}
  m_AnchorMin: {x: 0.5, y: 0.5}
  m_AnchorMax: {x: 0.5, y: 0.5}
  m_AnchoredPosition: {x: 1.251, y: -0.197}
  m_SizeDelta: {x: 30, y: 5}
  m_Pivot: {x: 0.5, y: 0.5}
--- !u!114 &2012998035
MonoBehaviour:
  m_ObjectHideFlags: 0
  m_CorrespondingSourceObject: {fileID: 0}
  m_PrefabInstance: {fileID: 0}
  m_PrefabAsset: {fileID: 0}
  m_GameObject: {fileID: 2012998033}
  m_Enabled: 1
  m_EditorHideFlags: 0
  m_Script: {fileID: 11500000, guid: 9541d86e2fd84c1d9990edf0852d74ab, type: 3}
  m_Name: 
  m_EditorClassIdentifier: 
  m_Material: {fileID: 0}
  m_Color: {r: 1, g: 1, b: 1, a: 1}
  m_RaycastTarget: 1
  m_Maskable: 1
  m_OnCullStateChanged:
    m_PersistentCalls:
      m_Calls: []
  m_text: 'EMG: '
  m_isRightToLeft: 0
  m_fontAsset: {fileID: 11400000, guid: 8f586378b4e144a9851e7b34d9b748ee, type: 2}
  m_sharedMaterial: {fileID: 2180264, guid: 8f586378b4e144a9851e7b34d9b748ee, type: 2}
  m_fontSharedMaterials: []
  m_fontMaterial: {fileID: 0}
  m_fontMaterials: []
  m_fontColor32:
    serializedVersion: 2
    rgba: 4278190335
  m_fontColor: {r: 1, g: 0, b: 0, a: 1}
  m_enableVertexGradient: 0
  m_colorMode: 3
  m_fontColorGradient:
    topLeft: {r: 1, g: 1, b: 1, a: 1}
    topRight: {r: 1, g: 1, b: 1, a: 1}
    bottomLeft: {r: 1, g: 1, b: 1, a: 1}
    bottomRight: {r: 1, g: 1, b: 1, a: 1}
  m_fontColorGradientPreset: {fileID: 0}
  m_spriteAsset: {fileID: 0}
  m_tintAllSprites: 0
  m_StyleSheet: {fileID: 0}
  m_TextStyleHashCode: -1183493901
  m_overrideHtmlColors: 0
  m_faceColor:
    serializedVersion: 2
    rgba: 4294967295
  m_fontSize: 10
  m_fontSizeBase: 10
  m_fontWeight: 400
  m_enableAutoSizing: 0
  m_fontSizeMin: 18
  m_fontSizeMax: 72
  m_fontStyle: 0
  m_HorizontalAlignment: 1
  m_VerticalAlignment: 256
  m_textAlignment: 65535
  m_characterSpacing: 0
  m_wordSpacing: 0
  m_lineSpacing: 0
  m_lineSpacingMax: 0
  m_paragraphSpacing: 0
  m_charWidthMaxAdj: 0
  m_enableWordWrapping: 1
  m_wordWrappingRatios: 0.4
  m_overflowMode: 0
  m_linkedTextComponent: {fileID: 0}
  parentLinkedComponent: {fileID: 0}
  m_enableKerning: 1
  m_enableExtraPadding: 0
  checkPaddingRequired: 0
  m_isRichText: 1
  m_parseCtrlCharacters: 1
  m_isOrthographic: 0
  m_isCullingEnabled: 0
  m_horizontalMapping: 0
  m_verticalMapping: 0
  m_uvLineOffset: 0
  m_geometrySortingOrder: 0
  m_IsTextObjectScaleStatic: 0
  m_VertexBufferAutoSizeReduction: 1
  m_useMaxVisibleDescender: 1
  m_pageToDisplay: 1
  m_margin: {x: 0, y: 0, z: 0, w: 0}
  m_isUsingLegacyAnimationComponent: 0
  m_isVolumetricText: 0
  m_hasFontAssetChanged: 0
  m_renderer: {fileID: 2012998037}
  m_maskType: 0
  _SortingLayerID: 0
  _SortingOrder: 0
--- !u!222 &2012998036
CanvasRenderer:
  m_ObjectHideFlags: 2
  m_CorrespondingSourceObject: {fileID: 0}
  m_PrefabInstance: {fileID: 0}
  m_PrefabAsset: {fileID: 0}
  m_GameObject: {fileID: 2012998033}
  m_CullTransparentMesh: 0
--- !u!23 &2012998037
MeshRenderer:
  m_ObjectHideFlags: 0
  m_CorrespondingSourceObject: {fileID: 0}
  m_PrefabInstance: {fileID: 0}
  m_PrefabAsset: {fileID: 0}
  m_GameObject: {fileID: 2012998033}
  m_Enabled: 1
  m_CastShadows: 0
  m_ReceiveShadows: 0
  m_DynamicOccludee: 1
  m_MotionVectors: 1
  m_LightProbeUsage: 1
  m_ReflectionProbeUsage: 1
  m_RayTracingMode: 2
  m_RenderingLayerMask: 1
  m_RendererPriority: 0
  m_Materials:
  - {fileID: 2180264, guid: 8f586378b4e144a9851e7b34d9b748ee, type: 2}
  m_StaticBatchInfo:
    firstSubMesh: 0
    subMeshCount: 0
  m_StaticBatchRoot: {fileID: 0}
  m_ProbeAnchor: {fileID: 0}
  m_LightProbeVolumeOverride: {fileID: 0}
  m_ScaleInLightmap: 1
  m_ReceiveGI: 1
  m_PreserveUVs: 0
  m_IgnoreNormalsForChartDetection: 0
  m_ImportantGI: 0
  m_StitchLightmapSeams: 1
  m_SelectedEditorRenderState: 3
  m_MinimumChartSize: 4
  m_AutoUVMaxDistance: 0.5
  m_AutoUVMaxAngle: 89
  m_LightmapParameters: {fileID: 0}
  m_SortingLayerID: 0
  m_SortingLayer: 0
  m_SortingOrder: 0
--- !u!1 &2043027898 stripped
GameObject:
  m_CorrespondingSourceObject: {fileID: 1000014099540692, guid: d1eded5bbb3e59a41bd0cb0ce667e410,
    type: 3}
  m_PrefabInstance: {fileID: 1309338192}
  m_PrefabAsset: {fileID: 0}
--- !u!114 &2043027905
MonoBehaviour:
  m_ObjectHideFlags: 0
  m_CorrespondingSourceObject: {fileID: 0}
  m_PrefabInstance: {fileID: 0}
  m_PrefabAsset: {fileID: 0}
  m_GameObject: {fileID: 2043027898}
  m_Enabled: 1
  m_EditorHideFlags: 0
  m_Script: {fileID: 11500000, guid: d6809a5d4dc9c9f458b0c1a8e76eb121, type: 3}
  m_Name: 
  m_EditorClassIdentifier: 
  m_id: rIndMedial
--- !u!1 &2047405483 stripped
GameObject:
  m_CorrespondingSourceObject: {fileID: 1000010070001422, guid: d1eded5bbb3e59a41bd0cb0ce667e410,
    type: 3}
  m_PrefabInstance: {fileID: 1309338192}
  m_PrefabAsset: {fileID: 0}
--- !u!114 &2047405490
MonoBehaviour:
  m_ObjectHideFlags: 0
  m_CorrespondingSourceObject: {fileID: 0}
  m_PrefabInstance: {fileID: 0}
  m_PrefabAsset: {fileID: 0}
  m_GameObject: {fileID: 2047405483}
  m_Enabled: 1
  m_EditorHideFlags: 0
  m_Script: {fileID: 11500000, guid: d6809a5d4dc9c9f458b0c1a8e76eb121, type: 3}
  m_Name: 
  m_EditorClassIdentifier: 
  m_id: rForeArm
--- !u!1 &2094298754 stripped
GameObject:
  m_CorrespondingSourceObject: {fileID: 1000010421297322, guid: d1eded5bbb3e59a41bd0cb0ce667e410,
    type: 3}
  m_PrefabInstance: {fileID: 1309338192}
  m_PrefabAsset: {fileID: 0}
--- !u!114 &2094298761
MonoBehaviour:
  m_ObjectHideFlags: 0
  m_CorrespondingSourceObject: {fileID: 0}
  m_PrefabInstance: {fileID: 0}
  m_PrefabAsset: {fileID: 0}
  m_GameObject: {fileID: 2094298754}
  m_Enabled: 1
  m_EditorHideFlags: 0
  m_Script: {fileID: 11500000, guid: d6809a5d4dc9c9f458b0c1a8e76eb121, type: 3}
  m_Name: 
  m_EditorClassIdentifier: 
  m_id: rMidProximal
--- !u!1 &2095042073
GameObject:
  m_ObjectHideFlags: 0
  m_CorrespondingSourceObject: {fileID: 0}
  m_PrefabInstance: {fileID: 0}
  m_PrefabAsset: {fileID: 0}
  serializedVersion: 6
  m_Component:
  - component: {fileID: 2095042074}
  - component: {fileID: 2095042078}
  - component: {fileID: 2095042077}
  - component: {fileID: 2095042076}
  - component: {fileID: 2095042075}
  m_Layer: 0
  m_Name: Target
  m_TagString: Grab
  m_Icon: {fileID: 0}
  m_NavMeshLayer: 0
  m_StaticEditorFlags: 0
  m_IsActive: 1
--- !u!4 &2095042074
Transform:
  m_ObjectHideFlags: 0
  m_CorrespondingSourceObject: {fileID: 0}
  m_PrefabInstance: {fileID: 0}
  m_PrefabAsset: {fileID: 0}
  m_GameObject: {fileID: 2095042073}
  m_LocalRotation: {x: 0.7071068, y: -0, z: -0, w: 0.7071068}
  m_LocalPosition: {x: -1.25, y: -0.673, z: 0.765}
  m_LocalScale: {x: 0.2, y: 0.01, z: 0.2}
  m_Children: []
  m_Father: {fileID: 1185176209}
  m_RootOrder: 3
  m_LocalEulerAnglesHint: {x: 0, y: 0, z: 0}
--- !u!114 &2095042075
MonoBehaviour:
  m_ObjectHideFlags: 0
  m_CorrespondingSourceObject: {fileID: 0}
  m_PrefabInstance: {fileID: 0}
  m_PrefabAsset: {fileID: 0}
  m_GameObject: {fileID: 2095042073}
  m_Enabled: 1
  m_EditorHideFlags: 0
  m_Script: {fileID: 11500000, guid: 65fe492241026bc4eb4a7cbb4bd18dcc, type: 3}
  m_Name: 
  m_EditorClassIdentifier: 
  debugText: {fileID: 0}
  topArbiter: {fileID: 52400179}
  cylinder: {fileID: 871233846}
--- !u!65 &2095042076
BoxCollider:
  m_ObjectHideFlags: 0
  m_CorrespondingSourceObject: {fileID: 0}
  m_PrefabInstance: {fileID: 0}
  m_PrefabAsset: {fileID: 0}
  m_GameObject: {fileID: 2095042073}
  m_Material: {fileID: 0}
  m_IsTrigger: 1
  m_Enabled: 1
  serializedVersion: 2
  m_Size: {x: 1.0000001, y: 2, z: 1}
  m_Center: {x: 0, y: 0, z: 0}
--- !u!23 &2095042077
MeshRenderer:
  m_ObjectHideFlags: 0
  m_CorrespondingSourceObject: {fileID: 0}
  m_PrefabInstance: {fileID: 0}
  m_PrefabAsset: {fileID: 0}
  m_GameObject: {fileID: 2095042073}
  m_Enabled: 1
  m_CastShadows: 1
  m_ReceiveShadows: 1
  m_DynamicOccludee: 1
  m_MotionVectors: 1
  m_LightProbeUsage: 1
  m_ReflectionProbeUsage: 1
  m_RayTracingMode: 2
  m_RenderingLayerMask: 1
  m_RendererPriority: 0
  m_Materials:
  - {fileID: 2100000, guid: 714364d50c74d36479449d0090924e1a, type: 2}
  m_StaticBatchInfo:
    firstSubMesh: 0
    subMeshCount: 0
  m_StaticBatchRoot: {fileID: 0}
  m_ProbeAnchor: {fileID: 0}
  m_LightProbeVolumeOverride: {fileID: 0}
  m_ScaleInLightmap: 1
  m_ReceiveGI: 1
  m_PreserveUVs: 0
  m_IgnoreNormalsForChartDetection: 0
  m_ImportantGI: 0
  m_StitchLightmapSeams: 1
  m_SelectedEditorRenderState: 3
  m_MinimumChartSize: 4
  m_AutoUVMaxDistance: 0.5
  m_AutoUVMaxAngle: 89
  m_LightmapParameters: {fileID: 0}
  m_SortingLayerID: 0
  m_SortingLayer: 0
  m_SortingOrder: 0
--- !u!33 &2095042078
MeshFilter:
  m_ObjectHideFlags: 0
  m_CorrespondingSourceObject: {fileID: 0}
  m_PrefabInstance: {fileID: 0}
  m_PrefabAsset: {fileID: 0}
  m_GameObject: {fileID: 2095042073}
  m_Mesh: {fileID: 10206, guid: 0000000000000000e000000000000000, type: 0}
